3848 4846
84 349 86 354 ’
163 417 202 432 -·
249 393 334 498 ³5⁶
469 385 637 502 ξφ.
661 409 730 495 93.
762 343 1344 496 Argumetttolscmpt‘fioopposslo
1367 367 1616 488 diffiltmntur.
1687 377 1754 474 ’Ἃ
1875 395 1881 403 “

283 565 536 654 confluebant
555 567 733 666 studiosi,
750 567 827 648 uel
848 555 940 670 quas
959 565 1194 650 inuitatione
1218 561 1436 666 Principum
1465 569 1610 672 erigere
1640 563 1756 650 (litlot⁴

282 686 377 766 bant
394 689 433 768 in
450 708 586 766 eorum
606 683 860 776 'sor'ritoriis,⁴
878 703 918 758 v.
944 702 980 784 g.
1009 675 1200 782 Tubin'ge
1222 699 1292 780 per
1317 675 1542 760 Gabrielem
1568 677 1653 761 Biel
1682 679 1756 788 (a)

1906 549 1912 610 l

1905 650 1912 724 'l

280 799 422 898 horum
442 799 616 882 omnium
642 791 824 898 frequens
844 795 994 874 mentio
1017 787 1063 871 lit
1087 794 1127 886 in
1151 789 1317 872 Chronico
1346 791 1658 900 Wrrtdesbeimenst
1680 795 1757 878 Bu-
1906 785 1912 892 ἶ

272 906 382 1014 scitii,
414 910 453 994 &
478 913 518 992 in
544 899 624 1014 ejus
655 907 838 1012 praeclaro
859 901 995 1009 Opere
1018 903 1061 986 de
1077 897 1343 1008 Refhrtrratr'ona
1361 905 1683 1016 Morrnsteriorum,
1721 907 1760 992 h
1907 899 1912 996 ἶ

279 1025 320 1108 in
340 1023 420 1104 aliis
431 1014 695 1127 'scriptoribus
716 1019 962 1122 synchronis..
1021 1018 1122 1126 Quis
1141 1037 1271 1100 autem
1292 1041 1374 1104 non
1389 1020 1547 1117 videam
1578 1023 1658 1105 haec
1675 1045 1757 1102 om·
1910 1013 1912 1064 ³

280 1139 344 1218 nia
363 1139 504 1221 servire
522 1133 571 1219 ad
590 1135 815 1218 celeriorem
837 1129 1082 1214 diffusionem
1103 1136 1252 1214 nonne
1267 1133 1317 1214 de
1334 1137 1449 1216 novis
1468 1139 1638 1218 melioris
1657 1145 1763 1222 notoe'

278 1251 405 1348 libris,
435 1247 643 1351 prasertim
662 1245 872 1346 Arretinis,
904 1243 1043 1350 quibus
1074 1243 1281 1330 avidissime
1315 1249 1535 1350 inhiabant,
1566 1269 1685 1353 atque
1712 1248 1775 1330 als·

282 1357 651 1456 contesserationetn
675 1359 827 1444 testium
852 1358 902 1442 de
922 1361 1167 1442 Authoribus
1184 1365 1289 1444 veris
1311 1360 1518 1446 Librorum
1543 1366 1762 1450 recentium

280 1473 513 1578 celebrium,
540 1473 669 1584 deque
689 1473 878 1583 ejusmodi
896 1469 1105 1560 Librorum
1128 1473 1406 1583 suppositione
1421 1479 1588 1562 notoria.
1620 1472 1705 1586 (b)
1750 1553 1765 1586 ,υ

496 1763 500 1778 ·
582 1703 1309 1866 nuoutruurutr
1353 1709 1462 1841 rx,

288 1887 310 2018 ἶ.
453 1917 546 2024 Ex
581 1917 1097 2034 Circumstantia
1132 1917 1354 2032 Sattuii
1389 1918 1569 2029 dotti.
1759 1869 1760 1874 ¹

824 2241 832 2248 .
949 2159 991 2270 s
1025 2185 1143 2266 ou
1231 2238 1235 2248 ·

280 2337 480 2536 ''Author
504 2341 591 2424 libri
621 2336 671 2422 de
693 2335 916 2426 imitatione
942 2311 1087 2447 scripsit
1110 2291 1275 2448 saeuis,
1321 2368 1400 2448 quo
1420 2334 1640 2428 'fervebant
1663 2319 1765 2429 'con-

389 2457 623 2540 certationes
658 2453 888 2537 scholastico
923 2454 966 2536 de
991 2457 1191 2557 limitata,
1237 2456 1280 2536 de
1302 2455 1489 2561 generibus
1521 2457 1574 2546 &⁹
1585 2450 1765 2562 specialia
1820 2465 1825 2468 ’

249 2617 253 2629 ·
283 2561 334 2672 L.
349 2557 461 2654 tx.
476 2592 513 2670 3.
572 2570 739 2676 ipsamet
762 2575 879 2652 etiarn
898 2573 1091 2673 cognovit
1113 2573 1241 2672 plures
1265 2566 1467 2650 Dostores
1495 2593 1766 2672 premortuos.

288 2674 389 2760 Hac
408 2691 537 2765 auteur
558 2708 642 2768 non
668 2683 913 2770 conveniunt
930 2681 1128 2786 Kernpisro
1151 2679 1318 2763 necdum
1341 2681 1665 2787 quadragenario,
1698 2687 1767 2788 qui

287 2797 434 2876 nullam
452 2821 620 2902 unquam
645 2793 745 2878 vidit
764 2793 1037 2892 Academiam,
1066 2793 1129 2876 sed
1165 2817 1215 2876 ex
1241 2795 1380 2876 scholis
1407 2793 1654 2878 inferioribits
1682 2797 1767 2880 Da·

287 2909 571 2994 ventriensrbus
586 2906 809 2992 immediate
828 2905 971 2989 transiit
989 2910 1031 2988 in
1049 2903 1334 2997 Monasteriuni
1353 2907 1401 2990 ad
1419 2909 1593 2996 laborem
1609 2933 1768 2994 manua·

287 3021 365 3102 lem
381 3020 718 3110 describendorum
743 3021 948 3100 Codicum.
1251 3021 1270 3117 J

296 3133 299 3141 ’
404 3135 445 3242 ὅ.
474 3165 560 3240 92..
574 3129 900 3248 RESPONSIQ
954 3131 1192 3234 Daventria,
1246 3135 1313 3220 ubi
1350 3135 1567 3240 Kempifius
1599 3133 1767 3236 studuit,

288 3247 428 3330 saeculo
450 3251 604 3334 decimo
623 3255 761 3360 quinto
783 3267 865 3337 erat
884 3271 935 3330 ex
959 3250 1234 3362 celebrioribus
1245 3249 1473 3356 ‘Academiis
1496 3247 1686 3355 Europa,
1727 3252 1768 3355 st

290 3361 508 3467 Keutpiirus
539 3391 620 3450 non
644 3367 768 3449 solunt
789 3367 1037 3466 Daventriae,
1078 3361 1140 3444 sed
1168 3365 1285 3444 etiam
1315 3364 1404 3461 alibi
1423 3363 1524 3446 vidit
1543 3367 1766 3472 complures

191 3504 199 3520 .
291 3474 496 3581 Magistros
515 3474 767 3563 scientiarum.
829 3475 1024 3561 Caeterlrm
1040 3471 1197 3557 Author
1215 3475 1300 3557 libri
1325 3475 1367 3558 de
1390 3477 1605 3576 irritatione,
1643 3479 1696 3560 L.
1727 3503 1764 3562 1.

293 3588 334 3666 C.
361 3612 398 3690 3.
420 3611 503 3672 non
516 3592 688 3694 loquitur
702 3595 752 3678 de
774 3591 1021 3676 Dol‘loribus
1038 3585 1287 3694 Theologiae,
1316 3589 1380 3672 sed
1405 3587 1455 3670 de
1475 3593 1706 3673 mulierculis
1726 3593 1767 3676 δι

290 3699 507 3801 hypocritis
524 3705 599 3788 sub
631 3727 823 3814 praetextu
846 3705 1062 3792 secretioris
1084 3700 1126 3784 de
1149 3703 1326 3786 Trirrt'tale
1349 3703 1514 3786 scientio
1536 3706 1695 3808 plebem
1721 3729 1768 3790 ac

290 3814 530 3916 mulierculas
554 3819 846 3924 seducentibus3
894 3846 969 3908 nec
987 3843 1070 3904 non
1088 3814 1137 3896 de
1159 3815 1343 3900 canonicis
1361 3815 1616 3920 sotularibus,
1647 3822 1688 3900 in
1704 3844 1769 3930 or7

1678 3929 1769 4015 dine

289 4215 309 4226 .
336 4145 377 4224 (a)
392 4148 466 4218 Vide
480 4151 648 4224 Nnutitrum
662 4161 697 4220 T.
714 4177 761 4224 ιι.
779 4151 908 4232 Genetri.
922 4157 953 4212 L.
968 4171 1029 4222 tuor
1043 4147 1189 4212 additione
1201 4151 1250 4226 sm,
1263 4142 1374 4212 thecla
1387 4140 1492 4212 seseli.

333 4225 378 4314 (b)
399 4229 508 4297 Chaon.
522 4233 679 4308 wandolc
691 4239 723 4304 t.
741 4259 768 4304 t.
784 4241 818 4300 C.
833 4251 881 4314 η.
897 4256 947 4315 pp.
962 4251 1013 4308 4ο.
