3866 4844
201 370 478 484 Argumentum
487 351 595 448 XIV.
609 353 675 450 Ea
690 354 969 474 Auriograpbr's
982 351 1223 482 Keotpifiam’s
1237 351 1352 456 &leur
1367 340 1565 474 Jiretac.
1595 283 1653 466 ot·

164 579 294 640 coram
322 543 579 631 Eruditorum
603 537 849 634 delcdotum
873 537 1046 630 consessu
1069 539 1304 654 produsius,
1328 540 1368 623 in
1387 543 1495 650 cujus
1512 541 1655 656 princi·

161 667 231 782 pii)
248 666 477 753 continetur
500 661 750 772 Epitaphium
765 655 953 744 Getsonis
973 659 1033 742 his
1054 659 1182 742 verbis
1197 650 1435 766 expressunt:

35 781 40 790 ’
333 777 517 886 Magnum
528 792 660 882 parvo
679 789 776 858 tenet
796 773 998 860 virtutibus
1015 799 1113 858 urata
1126 765 1310 884 Joannem

341 893 557 998 Processum
574 893 715 972 eteritis
731 885 865 998 Gersen
883 891 1077 1000 cognomine
1094 887 1227 974 diuum

340 1006 498 1114 Parifit's
509 999 828 1114 sarral'rofieffir
846 1005 1056 1114 llteologt'ae'

340 1122 487 1204 Clarur't
504 1119 664 1227 Eccsestca
680 1123 743 1232 qui
759 1111 980 1226 Coasttlarius
993 1141 1091 1202 anno

334 1236 489 1322 Milleno
509 1235 657 1318 Domini
670 1251 808 1318 centum
824 1249 953 1348 quater
967 1249 1075 1344 atque
1092 1233 1222 1342 oigeno

333 1351 462 1452 Nono,
481 1353 555 1434 luce
566 1354 663 1457 petit
675 1350 831 1460 Superos
846 1343 949 1460 Julii
969 1341 1141 1432 dorent.

269 1475 825 1594 §.124‘DeApplicatione
851 1503 983 1567 autem
1016 1481 1159 1592 Operis
1180 1477 1421 1592 Kentpifiani
1448 1473 1499 1564 ad
1513 1464 1659 1596 perso-

172 1615 239 1680 nas
251 1593 462 1681 Saeculares
477 1595 665 1692 testatur,
694 1595 800 1699 idem
825 1621 1046 1706 anonymus
1062 1593 1102 1702 §-
1121 1609 1188 1705 84.
1207 1589 1389 1686 laudatus
1404 1598 1655 1683 Ptoiemiator

172 1729 282 1792 novae
297 1711 488 1794 editionis
505 1705 668 1806 Gallicae
689 1739 810 1818 1737.
829 1709 898 1792 ubi
916 1704 1071 1806 Gallice
1087 1705 1137 1792 iic
1157 1705 1307 1791 scribit:

290 1879 322 1920 „
350 1827 475 1908 Nova
500 1823 581 1908 haec
607 1819 699 1908 libri
720 1823 773 1908 dc
793 1823 1021 1930 imitatione
1042 1823 1132 1924 Jesu
1149 1823 1293 1908 Christi
1310 1821 1436 1906 editio
1456 1821 1663 1916 Gothico,

173 1989 201 2034 „
229 1933 389 2024 Gallica
408 1934 610 2024 novissime
626 1939 781 2022 detedla
796 1937 861 2028 est.
921 1933 1137 2020 Plurimum
1152 1961 1196 2018 ea
1206 1935 1257 2017 ab
1277 1931 1547 2042 hujuslibride
1565 1939 1658 2022 lmi-

172 2103 201 2148 „
230 2053 387 2136 tatione
403 2047 745 2167 editionevulgati
763 2047 918 2148 differt,
934 2047 1091 2164 estque,
1107 2071 1150 2133 ut
1167 2049 1343 2145 videtur,
1362 2077 1410 2135 ex
1422 2049 1658 2166 manuscrip-

173 2216 202 2262 „
230 2163 283 2250 tis
298 2163 569 2278 antiquissimis
589 2165 774 2258 deducta.
1313 2245 1318 2258 .

284 2335 315 2376 „
340 2283 445 2364 Hinc
458 2275 577 2364 talem
592 2275 741 2394 publici
756 2279 849 2386 juris
863 2273 990 2364 facere
1005 2271 1183 2362 libellum
1196 2279 1477 2390 proponimus,
1495 2274 1655 2396 qualem

174 2441 206 2487 „
232 2389 286 2476 ab
310 2389 423 2504 ipstos
437 2393 629 2480 Authoris
647 2391 886 2508 (verstonis)
907 2392 1086 2480 manibus
1100 2386 1278 2479 residium
1293 2393 1510 2494 credimus,
1528 2419 1658 2484 muta·

173 2559 208 2606 „
239 2505 284 2589 td
300 2503 450 2590 nonnist
475 2509 681 2594 idiomate.
1199 2547 1204 2556 ¹
1331 2515 1335 2524 '
1596 2525 1751 2629 ,2-

276 2673 306 2717 „
337 2623 449 2707 Licet
473 2625 596 2706 cuivis
625 2649 674 2708 ex
696 2613 891 2706 iolalibti
908 2616 1048 2726 huius,
1070 2617 1207 2705 sivein
1233 2619 1306 2708 hac
1322 2617 1401 2706 five
1422 2623 1462 2704 in
1480 2617 1661 2703 editione

173 2787 204 2832 „
234 2731 433 2832 comici,
455 2737 645 2822 Lectione
666 2735 883 2850 perspicere
907 2730 1022 2818 facile
1052 2733 1129 2831 stt,
1154 2733 1304 2834 hicne,
1336 2763 1385 2820 an
1403 2729 1472 2818 ille
1489 2729 1660 2846 vulgaris

175 2901 204 2947 „
235 2851 424 2937 editionis
447 2847 548 2934 liber
565 2849 813 2936 conformior
828 2846 874 2933 fit
891 2848 1132 2961 archetypo,
1155 2846 1412 2936 nihilominus
1427 2873 1556 2960 operae
1571 2873 1661 2958 pre·

176 3015 206 3060 ,‚
234 2971 334 3048 tium
358 2967 448 3046 iore
473 2963 682 3061 duximus,
707 2966 879 3048 rationes
904 2965 1113 3074 praecipuas
1140 2989 1213 3072 pro
1232 2959 1361 3046 nostri
1383 2964 1458 3046 har
1481 2959 1661 3046 editione

55 3071 58 3078 ’
173 3132 206 3176 ,,
237 3073 449 3161 militantes
462 3082 503 3161 in
521 3081 635 3186 hujus
654 3075 928 3164 dissertationis
948 3071 1110 3160 decursu
1131 3079 1171 3160 in
1187 3075 1360 3162 medium
1377 3073 1527 3162 afferre.

276 3245 307 3288 „
336 3193 382 3272 in
398 3188 771 3288 Dissertationibits,
796 3219 882 3304 quae
899 3190 1084 3282 hasienus
1107 3194 1260 3276 ratione
1276 3189 1468 3276 Authoris
1485 3189 1598 3296 hujus
1613 3183 1661 3272 li·
1773 3267 1782 3292 ,

179 3359 210 3404 „
240 3303 374 3388 bride
391 3305 619 3390 imitatione
642 3307 899 3418 prodierunt,
923 3299 1196 3402 observunus,
1217 3299 1478 3416 Manuscripta
1497 3310 1660 3414 antiqua

180 3473 209 3518 „
235 3447 327 3504 cum
352 3413 506 3532 vulgari
539 3421 653 3526 hujus
678 3417 769 3504 libri
789 3419 969 3503 editione
993 3414 1289 3534 nequetituld,
1316 3445 1448 3534 neque
1470 3415 1657 3514 numetis,

155 3587 210 3631 1„
241 3539 502 3647 nequeetiam
517 3535 673 3617 Ordine
686 3535 1090 3646 pattiomconvenite.
1121 3533 1310 3617 Nostrum
1329 3527 1526 3646 exemplar
1541 3529 1659 3645 quod

101 3729 110 3748 ,
182 3651 213 3744 „
241 3655 403 3741 attinet,
425 3641 563 3730 titulus
586 3647 761 3756 ejusdcm
779 3647 853 3732 est:
878 3643 1070 3754 &nsaiano
1094 3652 1262 3749 interna,
1290 3643 1448 3760 prasino
1468 3641 1660 3757 scripturae

172 3815 210 3859 ,‚
239 3786 349 3846 textu
375 3755 632 3866 Consolatores
651 3777 724 3848 tuo
753 3757 1031 3876 letificaverunt
1052 3767 1209 3846 animam
1229 3789 1352 3845 meam.
1405 3759 1598 3845 Ordinem
1618 3760 1659 3845 dc

104 3975 108 3982 ,
180 3927 210 3976 ,,
240 3901 446 3961 numerum
470 3877 637 3986 partium
670 3873 786 3990 quod
811 3879 979 3970 attinet,
1001 3879 1042 3961 dc
1064 3871 1130 3959 hic
1158 3869 1362 3960 discrimen
1388 3875 1564 3960 invenire
1592 3877 1659 3962 cst.

179 4044 210 4090 „
239 3993 331 4073 Pars
351 3991 477 4100 prima
502 3990 589 4088 itaet¹
604 3992 685 4076 cst:
716 3991 900 4102 Conuersto
916 3987 982 4098 seu
999 3989 1141 4076 reditus
1166 3991 1301 4076 animae
1322 3991 1363 4072 in
1389 3986 1569 4100 seipsam,
1587 3990 1659 4074 ad-

180 4158 211 4206 o
238 4103 380 4216 junctis
397 4100 459 4188 his
475 4098 668 4218 scriptura
682 4101 834 4198 verbis:
862 4107 1027 4310 bIvitegttrtto
1038 4107 1116 4207 Dei
1135 4109 1239 4190 intra
1256 4131 1323 4190 uos
1341 4103 1403 4218 est.
1461 4104 1584 4190 Partis
1601 4103 1659 4306 ge·
1703 4221 1711 4236 .

522 4279 527 4288 ν
933 4249 962 4312 2
1521 4243 1599 4306 cun
1628 4241 1660 4304 a
