3866 4844
202 279 616 456 ArgumentrterV.
646 335 711 424 Ex
728 337 1004 450 Aotttgraplls
1012 335 1247 450 Kempt'fianit
1257 333 1562 452 &experdi-
1592 347 1669 450 „37
1742 316 1747 324 Ι
1892 329 1911 352 ⁴

163 522 313 636 Fulfinn
330 521 382 635 σθ
406 549 447 610 2.
472 522 576 607 illum
595 515 823 626 summulam,
842 517 978 632 finitus
993 519 1047 616 &⁹
1062 523 1250 630 completus
1264 522 1347 618 &n
1372 521 1518 607 referre
1533 522 1657 610 lolbun

163 647 440 752 compilatorem.
502 633 612 718 Nam
630 633 805 720 Thomas
824 635 875 718 K.
902 641 1021 720 etiam
1035 642 1078 722 in
1095 643 1176 722 aliis
1196 640 1270 722 suis
1288 639 1514 724 indubitatis
1528 648 1659 742 operi.

44 813 52 820 -
160 764 240 846 bus
258 761 382 842 utitur
399 755 474 836 hac
488 748 570 858 ipsa
591 751 873 856 lublcriptionis
891 750 1068 858 formula.
1089 753 1160 860 (a),
1177 753 1312 861 ltaque
1329 751 1657 852 manifestumest,

164 901 215 976 ee
234 872 425 968 formula,
456 889 640 970 tanquam
661 864 910 962 indifferente
928 870 969 950 in
984 866 1179 974 duplicem
1199 869 1360 970 lensum,
1388 893 1465 956 nec
1481 872 1656 954 affirmati

21 1028 32 1068 s
162 1013 298 1097 neque
314 986 449 1092 negari
468 981 722 1084 subscriptum
740 975 816 1062 effe
835 984 920 1066 libri
938 983 1155 1073 authorem.
1217 1008 1253 1087 3.
1272 981 1430 1068 Prorsus
1445 979 1656 1090 improbabi-

162 1104 286 1204 test,
316 1095 526 1206 Boscltmn,
553 1091 820 1195 ditmannum,
850 1097 1095 1200 llithtmt'um,
1134 1099 1380 1198 martenum,
1410 1101 1651 1188 Guntterun,

168 1221 381 1314 Zeineron,
411 1203 702 1402 Danlapperum
725 1203 902 1320 ..Jodotnm
919 1210 1258 1312 narrandumne
1276 1213 1517 1318 synchronos
1534 1213 1655 1296 Ken-

168 1331 272 1442 pisro
303 1324 418 1410 testes
441 1328 552 1432 potui
586 1345 608 1402 e
629 1320 707 1404 elle
734 1343 813 1408 tarn
833 1323 1016 1428 stolidos,
1045 1345 1088 1408 ut
1113 1323 1159 1409 ed
1175 1327 1342 1410 formula
1367 1327 1525 1411 notorie
1538 1350 1654 1433 pror·

172 1443 527 1538 sbslndiffetente,
565 1437 604 1518 &
628 1459 746 1542 quam
764 1439 939 1544 plerique
955 1441 1165 1546 nequidem
1193 1435 1395 1540 viderant,
1423 1441 1669 1526 induceren-x

173 1579 258 1660 tur,
286 1559 336 1641 ad
352 1551 594 1640 ⁴asserendum
611 1551 811 1656 Kempifio
829 1559 1093 1660 nonagenario
1110 1575 1313 1642 coetaneo
1331 1557 1471 1640 librum
1487 1579 1565 1641 tarn
1590 1577 1654 1636 ce·

167 1678 318 1760 lebrem
391 1695 430 1772 4.
448 1663 680 1772 Imprololt'lt'
693 1663 761 1767 est,
777 1667 817 1748 in
832 1670 913 1750 ullo
931 1667 1203 1776 Manusctipto
1220 1674 1343 1756 l'aeculi
1358 1669 1498 1754 dbtitni
1515 1669 1653 1779 quinti

168 1793 216 1876 nd
237 1784 349 1896 quod
365 1785 497 1866 omnia
514 1779 883 1886 Manuscripta'libri
901 1782 951 1866 de
967 1783 1190 1868 Imitatione
1209 1785 1415 1867 referenda
1431 1785 1522 1887 effe,
1541 1792 1652 1886 supee

169 1913 244 1992 n'us
270 1894 483 2013 (§.103.)
512 1893 684 1997 ostendi,
716 1895 898 1982 Gersenis
922 1901 1082 1982 nomine
1099 1901 1262 2007 intelligi
1284 1902 1396 1982 oliam
1417 1901 1650 2003 personam,
1729 1981 1730 1986 t

169 2019 287 2129 quern
311 2015 528 2098 Gerlonem
549 2009 830 2092 Cancellarium
857 2011 1116 2096 Parifiensenr.
1172 2013 1218 2096 ld
1236 2018 1339 2096 enim
1365 2016 1538 2118 inprimis
1556 2009 1655 2112 Epi·

170 2138 345 2241 taphium
371 2125 558 2210 Gersonis
585 2123 770 2218 monstrat
795 2129 958 2210 relatum
978 2129 1018 2210 in
1047 2126 1198 2212 Codice
1219 2127 1535 2229 Pndolironenli,
1574 2125 1653 2210 ubi

169 2276 251 2334 non
279 2239 435 2342 Gerlon,
456 2238 536 2324 led
560 2231 696 2342 Gtrsett
730 2241 882 2347 legitur.
940 2237 1050 2324 Idem
1065 2261 1177 2346 petet
1204 2265 1255 2324 ex
1277 2241 1413 2349 insigni
1437 2241 1652 2343 Manuscri'·
1731 2283 1743 2290 -

169 2385 243 2472 pto
265 2359 418 2442 Codice
434 2353 687 2436 Bibliothece
708 2349 1044 2457 Guelferbytanae,
1060 2378 1177 2460 quern
1193 2356 1373 2440 describit
1383 2357 1436 2438 V'.
1455 2356 1650 2442 0,ἀοτί-

173 2482 306 2584 ginum
326 2467 585 2556 Guelfictrum
604 2466 745 2550 Editor
759 2467 1023 2554 eruditiffimus
1041 2467 1099 2550 D.
1117 2467 1254 2555 Christ.
1269 2467 1498 2559 Ludovicus
1512 2473 1761 2628 Sthe).-

171 2592 254 2674 dius
271 2594 311 2674 ln
330 2585 421 2672 data
434 2583 482 2666 ad
506 2605 571 2663 me
587 2579 777 2686 Epistola,
797 2607 892 2688 ¹que
907 2580 960 2662 stc
975 2582 1108 2664 habet.

529 2693 651 2776 'Viro
673 2695 821 2784 summe
840 2695 1067 2778 Venerabili
1088 2695 1268 2780 Domino
1334 2760 1337 2768 ,

462 2806 678 2893 Eusebio
715 2815 891 2899 Amort
931 2808 1140 2894 Canonico
1173 2808 1355 2916 Regulati
1398 2821 1400 2828 ⁴

514 2921 671 3008 Ordinis
699 2921 737 3014 S,
764 2920 972 3032 Augustini
1004 2921 1043 3004 u
1076 2921 1309 3008 Monasterii

580 3039 832 3236 Pollingensrss
851 3039 1152 3234 Bibbssthectrio
1170 3039 1244 3120 doc.

278 3349 283 3356 .
548 3261 782 3349 Christianus
804 3266 1032 3350 Ludovicus
1051 3259 1266 3346 Scheidius.
1790 3333 1804 3347 .

172 3443 198 3488 ‚‚
229 3380 459 3544 Accepisti
476 3381 613 3488 procul
637 3379 756 3462 dubio
777 3377 1068 3479 interrumpas,
1095 3401 1188 3485 quas
1208 3375 1259 3460 de
1283 3375 1354 3462 lx.
1372 3376 1524 3466 Menlis
1552 3403 1648 3488 prus
1782 3439 1784 3444 .

330 3553 356 3598 ‚‚
387 3502 490 3580 teriti
511 3495 559 3576 od
586 3495 647 3576 Te
673 3491 784 3598 dedi,
810 3493 957 3582 steriles
984 3490 1164 3600 quidem,
1208 3510 1338 3598 neque
1363 3497 1658 3603 exspostulent,

174 3669 201 3712 „
227 3631 299 3691 tuae
324 3608 626 3710 satisfacientes,
661 3612 757 3692 tales
790 3629 921 3694 tamen
948 3611 1080 3712 quales
1105 3606 1269 3690 scribere
1293 3615 1417 3714 potui.
1494 3609 1649 3696 lntereit

174 3783 203 3828 ‚‚
233 3731 415 3831 temporis
435 3730 551 3808 etiam
571 3747 619 3806 ex
630 3729 709 3808 aliis
726 3727 855 3808 amicis
875 3721 1042 3828 quaefivi,
1062 3720 1214 3827 siquod
1225 3718 1330 3802 forte
1343 3723 1662 3833 Manuscriptum,

174 3897 200 3944 „
226 3846 423 3952 exemplar
443 3843 547 3928 aurei
564 3833 607 3922 de
623 3841 822 3924 limitatione
836 3833 971 3948 Clort'slt'
986 3837 1107 3920 libelli
1137 3837 1240 3944 opud
1267 3861 1337 3918 eus
1358 3841 1507 3922 lateat?
1534 3841 1587 3924 Et
1607 3847 1648 3920 in

1515 3956 1655 4080 ¹liugtn
1739 3945 1792 3978 ·’

200 4153 251 4236 ,(ις
274 4161 304 4212 ln
328 4151 432 4218 eodem
461 4148 573 4212 'codice
600 4151 729 4225 Kompifii
751 4147 949 4233 turhogrtphn
970 4147 1106 4208 continuo
1127 4141 1239 4208 Ordine
1258 4153 1433 4230 reperiuntur
1454 4151 1507 4212 alie
1528 4159 1652 4232 ejusdem

88 4231 90 4241 '
249 4231 391 4318 oposnda
405 4231 524 4295 indubio
533 4235 640 4315 puriter
655 4231 852 4315 autltognplru
867 4229 968 4293 todem
984 4229 1151 4294 cnutone.
