3848 4846
191 442 207 456 ¹·
272 397 332 498 4'6
371 511 376 517 .
445 389 487 502 1.
521 395 587 501 76.
617 443 633 461 .
663 383 729 488 uo.
787 337 1017 505 Argumenta
1038 385 1208 510 Kampifir
1224 387 1375 500 opposta
1391 367 1660 503 diffiduntur.¹

205 575 224 606 “
275 569 532 657 declinamur)
553 560 889 686 priIIInofervor'el
915 572 958 654 ln
974 573 1032 651 his
1052 569 1183 654 verbis
1208 570 1449 670 notandum,
1479 571 1585 680 quod
1616 568 1769 654 author·

279 687 462 790 loquatur
477 687 521 769 de
538 687 759 794 Institutione
772 690 920 768 omnium
937 678 1207 792 Religiofirrum,
1237 709 1282 766 ac
1300 687 1415 790 proin
1434 690 1551 770 etiam
1570 681 1761 796 Religiosuss
1785 735 1786 740 κ

282 827 363 883 rum
379 801 419 882 S.
446 797 629 908 Francisci
653 799 759 892 65⁹8.
777 799 975 898 Dnninici,
1005 797 1118 880 simul
1134 797 1276 879 eodem
1299 819 1479 905 tempore
1496 804 1608 884 initio
1637 803 1784 882 seculi.

283 914 425 996 decimi
443 919 547 996 tertii
561 920 659 996 circa
679 935 821 995 annum
840 937 963 999 tow.
990 922 1233 992 exortorum.
1294 909 1450 998 Horum
1471 917 1574 999 enim
1594 913 1764 1018 duorum

284 1027 479 1110 Ordinum
492 1029 709 1108 Authorem
722 1023 892 1109 habuisse
909 1027 1090 1108 notitiam
1107 1045 1218 1132 patet
1238 1049 1289 1106 ex
1303 1050 1379 1127 e0,
1407 1033 1496 1133 quia
1514 1027 1560 1110 L.
1576 1057 1614 1130 3.
1632 1028 1681 1110 C.
1695 1053 1764 1134 50.

287 1143 427 1248 aliegat
442 1141 481 1223 S
497 1133 734 1243 Franciscuon
750 1143 1021 1236 canonizatum
1039 1161 1142 1227 anno
1165 1145 1285 1236 1228·
1316 1139 1551 1226 Notandum
1565 1138 1765 1247 praeterea

179 1281 190 1294 ‘
259 1349 263 1358 ‚
285 1279 376 1356 cum
396 1256 504 1360 loqui
522 1251 571 1334 de
586 1255 644 1335 his
662 1251 939 1364 Institutianihus
959 1263 1141 1362 tanquam
1158 1276 1200 1334 re
1218 1251 1284 1336 diu
1301 1253 1513 1361 praeteritai3
1532 1255 1622 1338 sitm
1635 1255 1766 1354 addat,

194 1379 200 1388 ’
226 1367 235 1376 ’
286 1365 468 1480 reflantur
481 1365 636 1479 vestigia
654 1365 835 1450 dereliiia.
869 1422 874 1430 -
896 1366 999 1474 Quis
1023 1386 1154 1450 autem
1170 1363 1330 1450 asserere
1348 1369 1509 1470 audeat,
1556 1369 1631 1451 hos
1663 1369 1765 1451 duos
1795 1453 1804 1464 ,

292 1480 462 1562 Ordines
484 1479 608 1563 statim
628 1484 666 1563 in
690 1482 757 1563 suo
779 1480 876 1582 flore
894 1477 917 1562 ὲ
934 1483 997 1565 sua
1015 1486 1137 1586 prima
1155 1477 1401 1564 Institutione
1426 1477 1657 1576 descivisse?
1702 1486 1769 1564 Aa

287 1618 371 1678 non
393 1595 559 1699 ipsemet
579 1592 799 1678 Gersenlsta
826 1594 1048 1699 Schyrensts
1073 1595 1240 1704 fatetur3
1277 1589 1512 1700 Discpunam
1541 1593 1770 1708 claustralem

289 1712 328 1792 in
344 1705 454 1790 natta
461 1703 591 1812 saculi
603 1708 705 1790 XIII.
722 1706 775 1790 ad
789 1707 963 1815 Superum
978 1709 1121 1792 delitr‘as
1137 1703 1431 1818 usquefloruiffe?
1462 1711 1581 1817 Igitur
1598 1708 1648 1792 ad
1665 1706 1769 1791 male

288 1824 490 1904 consutam
509 1819 680 1906 fabulam
695 1825 887 1926 pertinet,
920 1821 1132 1906 Getsenem
1151 1815 1263 1926 initid
1279 1823 1403 1906 saculi
1417 1823 1539 1908 decimi
1554 1825 1657 1906 tertii
1676 1845 1768 1932 qua-

289 1951 380 2018 tuor
403 1937 523 2020 libros
537 1935 591 2019 de
610 1937 835 2022 Imitatione
851 1933 1076 2022 condidisse.

410 2043 454 2157 n.
489 2061 555 2152 78.
583 2053 640 2136 At
658 2045 775 2150 versa,
805 2049 1022 2142 Gersenlsta
1037 2051 1212 2158 oggerit,
1239 2050 1381 2134 author
1397 2051 1552 2134 extollit
1568 2049 1771 2156 exempla·

289 2187 374 2247 rem
392 2166 514 2246 vitam
534 2162 816 2276 Religiosorum
834 2165 888 2248 sui
906 2167 1119 2274 temporis,
1156 2164 1203 2244 ab
1231 2164 1412 2248 omnibus
1442 2187 1515 2269 pro
1547 2167 1771 2248 imitatione

204 2365 212 2372 ,
292 2275 582 2380 suscipiendam.
603 2276 663 2360 Ita
678 2277 1034 2384 sane3quorundam
1049 2271 1243 2384 respeiiioe
1253 2281 1581 2383 paucorumvitam
1598 2275 1773 2360 sanium
1805 2310 1814 2324 =

280 2416 366 2536 per
387 2389 548 2472 modum
573 2394 817 2498 exceptionis
835 2390 955 2479 ivita
973 2396 1143 2476 relaxata
1157 2392 1318 2472 aliorum
1339 2389 1553 2488 Ordlnum3
1573 2393 1773 2476 &horum

166 2610 170 2617 Ι
289 2505 614 2612 etiamnultorum
636 2505 764 2590 resilio
779 2503 944 2618 uestigia,
967 2528 1063 2614 puta
1079 2505 1339 2603 observantias
1349 2523 1591 2604 extemaav.
1602 2531 1640 2612 g.
1650 2503 1774 2588 nocie
1814 2552 1817 2558 ,

293 2613 423 2705 medii
437 2616 626 2725 surgendi,
645 2644 717 2726 pro
730 2619 983 2703 incitamentd
1001 2620 1048 2703 ad
1061 2617 1774 2723 leviorapatientertolerandapropo»

213 2754 216 2760 ’
293 2739 366 2822 nit.
405 2737 406 2742 '
427 2732 544 2816 Error
566 2731 791 2816 Gersenistae
810 2737 849 2816 in
867 2731 917 2816 ed
940 2735 1041 2815 suam
1060 2733 1248 2834 originem
1266 2731 1390 2830 lumit,
1408 2731 1663 2835 quodmultos,
1680 2755 1771 2816 cum

293 2842 488 2960 plerisqtae,
509 2847 695 2958 plerosque
712 2870 799 2928 cum
817 2849 935 2928 multis
948 2843 1178 2926 confundat.
1239 2842 1394 2924 Autlror
1417 2845 1602 2927 librorum
1621 2847 1671 2928 de
1683 2848 1771 2928 lmia

291 2967 450 3046 tatione
471 2959 602 3044 laudat
614 2961 766 3044 ratione
784 2959 990 3064 disciplina
1006 2959 1185 3064 regularis
1201 2979 1251 3038 ex
1267 2957 1450 3060 religiosis
1474 2962 1612 3043 multos.
1671 2960 1772 3040 Ger·
1822 3053 1831 3062 ‚

299 3075 435 3162 l'enista
454 3073 575 3161 uiuitis
594 3072 784 3162 substituit
803 3073 1010 3181 plerosque,
1043 3066 1164 3182 imrnd
1198 3069 1395 3176 religiosos
1426 3078 1564 3173 omnen.
1593 3077 1772 3178 exceptis

298 3187 582 3288 Benedidiinis,
613 3201 778 3291 quorum
794 3183 993 3294 servorem
1005 3186 1083 3288 jam
1100 3183 1238 3266 saeculo
1259 3185 1545 3268 decimotertio
1562 3187 1631 3268 suo
1649 3188 1772 3269 modo

298 3299 483 3411 languisse
504 3325 555 3383 ex
575 3300 642 3386 suo
666 3290 837 3380 affirmat.
899 3297 1059 3408 Constat,
1089 3299 1233 3402 inquit,
1261 3313 1345 3378 onte
1362 3293 1528 3402 Gaisonis
1546 3314 1705 3406 tempora
1720 3297 1773 3390 &⁹
1874 3309 1880 3316 '

285 3417 375 3530 'post
389 3415 472 3522 (ab
492 3439 602 3498 anno*
616 3409 736 3500 12'10.
755 3411 802 3492 ad
823 3411 980 3524 1240.)
1001 3405 1773 3520 11111111111111111111111111111111111111111αᾶ81·

293 3550 424 3640 perum
437 3527 579 3612 delitias
595 3521 698 3636 usque
702 3519 870 3634 fhruiffe.
917 3525 1188 3630 Utexpleatur
1202 3524 1389 3630 emphasis
1398 3523 1773 3629 horumvcrborum,

303 3645 537 3748 disciplinam
571 3637 806 3721 claustralem
846 3640 981 3720 saltem
1014 3643 1054 3723 in
1082 3639 1266 3748 plerisque
1298 3638 1414 3720 Italia
1448 3639 1546 3720 locis
1582 3639 1772 3740 floruisse,

302 3775 464 3862 oportet
514 3755 583 3837 De
599 3777 641 3834 re
655 3753 835 3858 equidem
861 3752 1023 3835 constat.
1090 3751 1249 3832 Certum
1278 3755 1381 3833 enirn
1399 3747 1476 3851 est,
1514 3775 1564 3835 eo
1593 3775 1773 3861 tempore

303 3866 511 3954 effloruisse
532 3867 699 3950 Ordines
725 3865 764 3946 S.
796 3864 1019 3978 Dominici,
1059 3864 1098 3946 dc
1132 3863 1170 3955 S,
1203 3861 1404 3945 Francisci.
1466 3863 1543 3948 Sed
1569 3869 1773 3954 authorem

302 3987 485 4066 librorum
503 3983 552 4066 de
571 3985 812 4076 Imitatione,
843 3979 1048 4085 postquam
1074 3975 1310 4060 contestatus
1327 3975 1474 4076 suerat,
1506 3981 1572 4062 suo
1595 4003 1773 4085 tempore

283 4103 484 4214 'plerusque
509 4095 726 4206 Religiosos
750 4088 827 4174 else
854 4099 1001 4176 suarum
1032 4091 1266 4203 Regularum
1297 4089 1608 4200 transgressores,
1648 4117 1697 4175 ex
1721 4115 1770 4178 eo

451 4227 456 4238 '
1682 4217 1807 4313 pres
