3848 4846
434 361 756 494 Argume‘rrruroll
781 373 851 462 Er
865 375 1077 490 regern&
1091 379 1244 468 ruribus
1262 381 1442 494 Krrrrprsrl
1618 405 1674 486 27

179 589 263 669 tes,
294 583 390 650 ante
409 563 636 659 triennium,
661 583 810 668 nempe
831 581 953 666 1395.
967 559 1122 646 stbimet
1132 586 1189 648 ex
1203 557 1320 648 bonlr
1336 557 1669 671 patrimonialibdr
1764 557 1768 567 ’

179 683 494 772 construxerant.
535 671 737 758 Numerus
756 673 1042 762 Associttontnr
1058 679 1173 762 brevi
1189 682 1231 760 in
1249 677 1506 781 octonarium,
1521 701 1668 784 nempe
1782 775 1786 780 .
1837 725 1841 732 ·

177 808 219 889 in
243 819 414 908 quatuor
432 789 668 875 Sacerdotes
684 789 723 872 δι
738 791 779 874 in
797 791 964 876 totidem
976 791 1360 884 Clericoserrcrevit,
1415 794 1518 878 cunr
1537 813 1670 898 autent

180 921 462 1008 adverterent,
494 907 674 988 socialem
700 907 823 990 uitem
841 907 922 992 stne
942 904 1105 992 vinculo
1125 907 1249 992 stabili
1270 907 1336 990 dilr
1360 909 1559 1019 perfistere
1584 934 1668 994 non

108 1114 110 1118 ,
182 1031 325 1146 polle,
360 1023 573 1108 accedente
600 1017 748 1102 offensu
779 1019 962 1128 Episcopi
986 1021 1151 1106 domum
1179 1023 1286 1107 suam
1313 1031 1355 1108 io
1381 1023 1669 1108 Monasterium

185 1163 449 1241 convertere,
465 1137 518 1220 or
533 1137 574 1220 se
591 1135 900 1264 Congregarioni
921 1137 1212 1222 Canonicorum
1222 1137 1470 1249 Regularium
1482 1136 1668 1222 Winder·

184 1255 444 1351 heimensrum
474 1269 652 1336 recenter
681 1273 832 1332 exorte
857 1252 1022 1336 subdere
1041 1277 1149 1360 norro
1180 1265 1302 1356 1398.
1323 1274 1539 1361 ceperunt.
1608 1253 1669 1336 Ut

195 1405 326 1464 eorum
350 1375 470 1456 rotisv
492 1364 606 1450 fieret
629 1366 740 1462 satir,
774 1391 883 1448 enno
917 1367 1105 1472 sequente
1136 1391 1259 1478 1399·
1324 1365 1390 1452 Ex
1422 1365 1669 1457 Monasterio

192 1491 464 1580 Windesheim
479 1502 720 1588 occeperunt
733 1484 772 1562 in
790 1479 1037 1586 Superiorem
1055 1479 1341 1589 JOANNEM
1363 1481 1442 1566 DE
1454 1481 1672 1586 KEMPlS,

184 1629 413 1726 germanum
432 1601 619 1697 Fratrem,
631 1617 728 1678 netu
747 1595 944 1700 mojorem,
961 1595 1085 1680 nostrl
1107 1591 1269 1680 fhomae
1295 1597 1538 1706 Kempenlis.
1600 1598 1673 1682 Vir

183 1733 254 1814 hic
272 1725 390 1823 animi
406 1718 541 1814 fortir,
571 1709 744 1796 &veste
763 1711 1145 1818 comprehenfronis,
1175 1711 1427 1796 strumonem
1459 1715 1558 1798 nov'i
1578 1715 1670 1798 Μο-

184 1841 363 1940 mosterii,
406 1831 584 1942 quamvis
611 1829 651 1910 in
673 1821 821 1910 sotumi
842 1851 970 1910 rerum
989 1833 1164 1912 omnium
1193 1823 1373 1934 penurii,
1410 1832 1593 1932 molitur,
1629 1821 1691 1916 in*

189 1958 362 2062 eumque
385 1947 506 2034 fiuent
523 1939 705 2026 divendit
722 1965 830 2024 enno
861 1965 981 2046 1402.
1003 1937 1238 2026 discutiente
1264 1937 1420 2024 Thumi
1439 1943 1601 2036 domum
1629 1948 1671 2030 in

183 2076 302 2158 Urbe
319 2058 532 2173 Kempensr
555 2055 624 2140 srbi
637 2056 684 2140 dt
707 2055 774 2138 fuo
789 2080 978 2170 germano
1007 2055 1127 2139 Fratri
1149 2056 1373 2140 hereditate
1390 2055 1564 2140 relietum
1589 2055 1672 2168 (a)

188 2185 415 2286 strufluram
430 2201 503 2288 pto
523 2172 773 2282 Regulatium
789 2175 983 2254 exercitiis
1003 2191 1085 2254 tam
1108 2170 1274 2254 feliciter
1293 2177 1516 2278 prosecutus
1538 2169 1605 2274 est,
1624 2193 1671 2258 ut

64 2351 69 2358 ·
189 2299 415 2400 habitaculo
437 2315 508 2398 pru
531 2291 650 2372 novit
677 2283 881 2394 Religiosrs
900 2311 1007 2372 nouo
1041 2289 1162 2396 1406.
1187 2287 1429 2388 absolverit,
1457 2287 1672 2374 Ecclesiam

42 2504 60 2514 ,,
192 2417 298 2504 verb
325 2407 573 2516 Monaslerii,
602 2427 675 2509 pto
701 2401 781 2508 ejus
805 2402 1098 2484 consecratione
1124 2401 1289 2510 primum
1315 2428 1419 2508 runo
1450 2429 1568 2508 1412,
1601 2407 1671 2488 ab.

76 2613 81 2620 ,
193 2527 442 2628 solvendam,
486 2519 614 2606 adhuc
646 2513 918 2624 imperseftam
953 2519 1170 2622 reliquerit,
1216 2518 1264 2599 ad
1296 2523 1471 2626 regimen
1484 2521 1673 2638 ‘plurium

190 2654 352 2736 aliorum
370 2631 574 2724 succeffive
592 2627 924 2717 Monosteriorum
946 2651 1126 2714 recenter
1151 2629 1369 2716 ereflorum
1400 2635 1466 2716 vel
1488 2657 1673 2746 aggrega.

195 2785 326 2850 torum
344 2771 547 2840 avocatus.
610 2747 804 2857 Quamvis
829 2767 958 2830 autem
985 2746 1034 2828 ab
1059 2769 1161 2830 armo
1187 2773 1292 2850 1400
1313 2747 1503 2854 usquead
1525 2773 1673 2836 aunum
1798 2775 1800 2782 ·

197 2879 315 2983 1406·
330 2897 402 2980 pro
413 2859 770 2974 majorinumero&
787 2853 1065 2946 sustentatione
1077 2861 1358 2970 Religiosorum'
1373 2863 1670 2962 sufficientia-cu·

182 2993 321 3082 'biculr
343 2986 528 3094 regularia
545 3003 592 3060 ec
609 2977 735 3060 media
751 2978 981 3084 temporalia
1002 2973 1222 3075 defuerint,
1251 3003 1322 3082 pro
1339 2977 1585 3066 ordinatione
1604 3001 1674 3062 ve·
1759 2971 1766 2979 ’
1804 2993 1814 3000 ·

193 3113 238 3194 τὸ
256 3103 513 3190 Sacerdotum
529 3095 647 3200 usque
666 3090 714 3174 ad
733 3115 876 3174 annunt
901 3117 969 3192 14¹
982 3115 1019 3174 2.
1043 3093 1158 3172 etiam
1183 3088 1353 3175 Ecclesia
1364 3090 1523 3194 deesset,
1548 3093 1676 3178 fusce,

194 3232 252 3334 pit
268 3245 402 3306 tamen
420 3239 523 3298 anno
537 3213 667 3324 '1⁵4oo.
684 3208 791 3290 suum
810 3228 1032 3312 germanum
1052 3201 1236 3306 Fratrem,
1262 3205 1457 3292 Thomom
1476 3209 1675 3314 Kempen·

123 3325 135 3347 '
193 3347 297 3443 sem,
334 3345 516 3435 tboquam
541 3325 705 3408 bonum
723 3317 984 3428 Scriptorem,
1025 3329 1063 3404 in
1092 3315 1242 3404 actuale
1265 3323 1482 3405 membrum
1507 3323 1677 3434 Collegii

193 3454 309 3542 instar
336 3447 580 3530 familiarium
611 3432 868 3538 Conrerrtlls,
906 3455 950 3518 ut
984 3435 1050 3518 sub
1079 3433 1143 3518 sua
1168 3433 1384 3520 directione
1409 3439 1676 3523 emendationi

193 3563 551 3668 Manufcriptotum
587 3553 804 3651 Codicum,
847 3551 1002 3652 Bibba,
1029 3547 1095 3632 SS.
1122 3549 1294 3658 Petrum,
1337 3549 1567 3636 officiorum
1600 3551 1677 3636 Ec-

201 3680 516 3773 clesrrsticorum,
546 3667 788 3776 aliorumque
815 3667 965 3750 utilium
992 3667 1178 3748 librorum
1202 3691 1290 3750 cunr
1322 3669 1403 3750 eliis
1428 3671 1570 3776 pariter
1594 3661 1681 3752 ido·

192 3807 278 3892 'ntis
299 3802 341 3881 in
357 3789 526 3879 eundem
545 3787 664 3868 finem
684 3783 865 3890 susceptis
880 3775 1142 3980 Scrgptoribtls
1161 3782 1429 3886 incumberet,
1467 3781 1598 3890 srcdue
1624 3803 1680 3864 te-

213 3939 215 3947 '
1006 3919 1028 3976 2
1065 3983 1067 3990 ,
1563 3921 1683 3982 nllem

191 4163 195 4172 .
236 4131 280 4209 (ι)
303 4121 517 4184 tnslrurorurum
529 4109 722 4204 ¹rurlrenticeor
737 4108 774 4168 de
788 4105 958 4202 venditione
972 4107 1052 4200 bujur
1069 4105 1189 4180 domur,
1202 4101 1221 4164 'ri
1237 4102 1441 4195 Magislrrtu'&
1458 4107 1578 4194 florario
1594 4108 1683 4172 Urbit
1744 4103 1747 4110 “

192 4247 194 4254 ,
272 4195 420 4282 Kemperfi
437 4192 632 4272 subsrrrprorrr,
655 4195 682 4253 st
702 4210 738 4253 cx
752 4189 890 4252 Arcbrvru
911 4187 1001 4256 Utbrt
1024 4187 1218 4268 desumptum,
1250 4201 1386 4266 repetunt
1401 4183 1473 4244 rofre
1498 4203 1571 4252 rotet
1585 4199 1684 4254 Dm.

195 4282 514 4380 muprrsatrrr'ae.§.
533 4278 601 4353 256·
659 4317 661 4324 ›
