3920 4844
662 330 807 422 matta
834 333 860 418 t
884 331 972 420 ax
1000 332 1052 420 Ρ.
1083 331 1232 465 carna.
1316 432 1322 440 .
1605 347 1694 453 299
1755 297 1758 306 ²

196 521 263 616 da.
294 511 497 602 Odiavutu
515 509 567 600 de
582 493 888 614 ,cavendanimia
904 511 1175 602 familiaritate.
1206 511 1375 602 Nonum
1395 512 1446 600 de
1462 516 1691 626 obedientia

196 639 237 720 dt
258 631 515 740 subjediione.
544 628 762 715 Decimum·
780 631 830 714 de
845 629 1021 716 cavenda
1031 629 1296 737 superfluitate
1306 633 1518 717 verborum
1526 633 1600 718 dre.
1610 639 1688 726 dac,

197 753 300 836 sunt
317 769 388 852 25.
414 745 616 852 Capitula,
647 769 813 852 quorum
832 747 1009 828 ultimum
1024 745 1258 830 inscribitur:
1286 743 1357 830 De
1373 745 1545 834 ferventi
1555 771 1691 838 emen·
1830 776 1834 788 ·

54 880 60 886 '
198 867 366 952 datione
383 864 505 943 totius
523 863 618 943 vite
635 859 785 944 nostre.
848 859 1010 944 Deinde
1028 863 1165 968 incipit
1182 859 1412 970 Breviiogus
1429 865 1618 950 virtutum
1637 869 1689 954 de

196 981 426 1064 Imitatione
444 971 597 1078 Christi,
627 975 667 1056 dt
690 993 925 1080 contemptu
941 974 1097 1058 mundi:
1129 976 1212 1085 Qui
1228 978 1396 1081 sequitur
1416 1001 1493 1076 me,
1512 1003 1593 1068 non
1607 1007 1688 1067 am.

197 1097 313 1180 bulat
328 1095 368 1175 in
383 1088 579 1196 tenebris,
612 1087 706 1170 dicit
728 1088 945 1172 Dominus:
976 1085 1076 1170 Haec
1096 1093 1181 1176 sunt
1207 1093 1329 1174 verba
1346 1089 1509 1196 Christi,
1545 1099 1685 1200 quibus

200 1228 486 1294 ammonemur.
545 1200 670 1286 Adest
687 1221 838 1286 tantum
855 1206 1000 1308 primus
1013 1203 1125 1304 iiber,
1156 1203 1374 1311 desinitque
1391 1207 1429 1287 in
1448 1207 1530 1287 haec
1546 1213 1687 1296 verba:

133 1331 138 1338 “
197 1325 373 1408 Tantum
393 1315 598 1426 proficies,
626 1337 813 1424 quantum
831 1318 902 1398 tibi
921 1319 1002 1400 vitu
1018 1321 1205 1408 intuleris.
1237 1317 1437 1418 Secundus
1459 1317 1601 1406 Codex
1627 1331 1686 1410 vi-

198 1429 320 1524 detur
341 1437 547 1538 antiquior,
568 1436 635 1514 vei
652 1431 787 1514 saitem
801 1436 955 1538 equalis
972 1433 1221 1540 precedenti.
1253 1433 1446 1518 Continet
1461 1437 1684 1544 lecundum,

198 1557 604 1654 tertium,quartum,
635 1548 755 1628 libros
778 1545 828 1630 de
846 1545 1069 1630 imitatione
1088 1545 1241 1630 Christi.
1304 1547 1506 1632 Secundus
1524 1551 1620 1634 liber
1634 1555 1686 1640 lie
1719 1551 1724 1560 ’

199 1661 512 1774 incipitt'Liber
526 1659 578 1744 de
602 1659 825 1744 Imitatione
841 1659 980 1742 Christi
1004 1661 1170 1768 loquens
1195 1661 1245 1744 de
1267 1665 1614 1750 ammonitionibus
1638 1671 1687 1756 ad

52 1789 58 1798 ·
199 1787 354 1870 interna
370 1772 639 1882 trahentibus3
674 1774 865 1882 &primo
892 1773 942 1858 de
958 1777 1112 1860 interna
1127 1780 1439 1870 conveniatione.
1500 1781 1684 1889 Regnum

199 1895 286 1986 Dei
303 1899 402 1980 intra
418 1886 589 1992 nosest,
618 1888 714 1972 dicit
732 1885 944 1972 Dominus.
1003 1887 1210 1976 Converte
1238 1913 1279 1976 te
1301 1915 1353 1976 ex
1378 1895 1609 1982 totocorde
1635 1903 1686 1986 ad

77 2057 79 2062 -
198 2013 437 2109 Dominum,
467 2005 699 2110 &relinque
717 2005 822 2088 huuc
841 2002 916 2086 &c
954 2003 1145 2092 Ultimum
1161 2024 1280 2112 caput
1298 2007 1382 2088 libri
1401 2013 1525 2116 quartl
1545 2011 1685 2100 delinit

197 2111 240 2213 in
262 2129 346 2208 haec
363 2121 501 2206 verba:
537 2117 660 2227 Perge
680 2142 774 2228 ergo
796 2142 885 2200 cum
903 2117 1079 2226 simplici,
1098 2121 1138 2204 dt
1152 2120 1369 2227 indubitata
1386 2119 1487 2224 fide,
1525 2123 1564 2208 ta
1593 2135 1686 2218 cum

199 2243 362 2346 supplici
385 2235 606 2320 reverentia
634 2231 681 2314 ad
701 2231 994 2343 Sacramentum
1020 2235 1179 2324 accede.
1242 2235 1445 2346 Quidquid
1467 2239 1685 2354 intelligere

197 2353 427 2452 annuales,
456 2350 552 2434 Deo
575 2351 842 2456 omnipotenti
858 2347 991 2435 secure
1008 2354 1224 2454 committe.
1663 2373 1687 2387 “

323 2469 366 2551 in
386 2461 633 2552 alio.Codt'ce
648 2463 921 2574 Manuscripto
941 2471 1109 2552 occurrit
1120 2465 1217 2550 liber
1231 2468 1377 2572 primus
1394 2465 1445 2552 de
1458 2465 1683 2560 imitatione

120 2587 130 2602 ’
154 2625 157 2632 ·
202 2583 359 2684 christi,
388 2582 681 2665 &internarum
698 2581 1003 2690 inspirationum.
1033 2578 1287 2676 ·Aiiervatur
1311 2584 1353 2666 in
1382 2583 1519 2668 eadem
1538 2583 1684 2674 Biblio-

200 2703 317 2784 theca
336 2721 439 2804 opus¹
461 2693 511 2777 de
529 2695 757 2792 ¹limitatione
780 2695 920 2780 Christi
944 2699 1048 2804 typis
1078 2693 1298 2806 impreiium
1318 2721 1421 2800 anno
1451 2711 1573 2810 1492.
1599 2706 1686 2790 abs.
1726 2753 1733 2760 ,

202 2809 281 2922 que
304 2816 466 2897 nomine
493 2807 660 2916 audioris
683 2809 751 2893 sub
775 2811 856 2892 hoc
879 2813 1015 2894 titulo:
1045 2811 1249 2896 mactatus
1275 2832 1411 2892 aureus
1444 2810 1483 2895 ds
1502 2823 1682 2920 perutilis

202 2931 253 3026 de
284 2923 458 3037 persedit
483 2923 624 3008 imitat.
651 2921 805 3029 Christi,
836 2923 875 3008 ἀ
899 2927 1153 3013 veremundi
1174 2923 1428 3034 'contemptui
1498 2927 1686 3042 Comple-
1791 2943 1799 2952 '

121 3113 128 3120 .
202 3043 316 3128 dtitur
333 3045 454 3128 libros
475 3061 654 3146 quatuor.
1204 3141 1206 3146 Α

105 3166 109 3176 ‘
397 3157 442 3240 In
463 3149 707 3238 Bibliotheca
721 3149 954 3238 monasterii
972 3153 1107 3264 Angla
1121 3147 1376 3263 Divitispag.
1400 3177 1492 3240 1rt.

158 3298 168 3310 “
199 3283 322 3436 luter
337 3267 506 3352 Codices
525 3280 767 3376 papyraceus
782 3269 867 3352 haec
882 3288 1021 3352 notatu
1041 3269 1154 3378 digna
1176 3269 1256 3368 visa
1284 3272 1380 3350 sunt.
1440 3268 1589 3355 Primus
1616 3297 1684 3358 oc-

108 3435 116 3444 ·
262 3389 378 3468 currit
395 3387 490 3466 liber
509 3385 558 3466 de
579 3387 800 3467 imitatione
821 3381 961 3466 Christi
978 3379 1140 3490 praefixo
1158 3381 1237 3464 hoc
1256 3381 1382 3465 tit'uio.
1407 3378 1477 3464 De
1498 3381 1684 3494 inritatio-

199 3525 251 3588 ne
274 3497 469 3584 Christi&
490 3520 723 3604 contemptu
739 3499 913 3582 omnium
930 3500 1147 3581 vanitatum
1158 3496 1302 3584 mundi.
1366 3495 1497 3602 Caput
1517 3507 1684 3606 primum
1776 3493 1779 3500 ⁴

94 3679 100 3686 .
200 3619 362 3720 explicit
385 3619 425 3698 in
453 3617 535 3696 hec
561 3616 702 3697 verba:
733 3609 905 3718 Explicit
932 3612 1084 3694 libellus
1109 3613 1159 3704 de
1177 3613 1401 3695 inritatione
1418 3609 1517 3718 Jtisu
1544 3613 1683 3716 Christi

50 3787 56 3793 -
198 3725 337 3818 didius.
369 3727 450 3839 Qui
470 3729 638 3836 sequitur
657 3755 733 3818 me.
769 3725 882 3810 Nota
900 3725 1014 3812 bene.
1046 3715 1282 3811 Desuntaiii
1302 3748 1378 3808 tres
1402 3729 1499 3808 iibri.
1542 3727 1682 3816 Obier-

198 3845 370 3927 vandum
390 3845 498 3926 hunc
516 3847 680 3948 primunr
700 3847 838 3929 librum
863 3842 912 3924 de
943 3845 1162 3928 {miratione
1186 3835 1353 3942 Christi,
1377 3840 1526 3942 eodem
1552 3841 1681 3933 chara·
1744 3885 1750 3894 ·

199 3959 320 4059 diere,
347 3955 566 4062 eademque
576 3985 702 4042 manu
720 3981 939 4058 exaratum,
963 3957 1225 4066 quosctiptus
1243 3952 1300 4037 est
1319 3951 1414 4036 alter
1431 3957 1527 4037 iiber
1546 3960 1680 4067 deEc,
1763 4057 1769 4070 ‚

28 4176 33 4186 ‚
198 4071 404 4160 clesrastica
422 4071 624 4162 Potestate
642 4073 769 4171 editus
790 4069 935 4268 perDP.
960 4065 1205 4160 Cardinaletn
1225 4069 1541 4154 Carueracensem
1555 4079 1596 4162 in
1614 4077 1681 4160 Sa-

788 4283 791 4290 ,
951 4211 1032 4302 ΡΒ
1140 4291 1148 4305 ,
1316 4245 1374 4262 --
1478 4283 1481 4293 ,
1614 4215 1684 4280 cro
1790 4297 1802 4311 .
