3848 4846
20 3227 22 3236 ,
154 3143 208 3234 fit.

394 289 619 472 Angumcnt.
650 357 733 446 Vn.
759 306 825 448 Ex
861 359 1138 478 circumstantia
1168 354 1383 478 Tempurmn.
1532 395 1535 402 ·
1591 403 1677 482 47-

148 531 321 654 praecisi}
340 536 395 622 ad
412 531 481 622 ilia
499 539 694 622 anteriora
715 533 854 624 felicia.
865 565 1045 653 tempora
1062 541 1274 630 necessario
1290 549 1500 636 retrotrah'i
1523 580 1647 666 opor-

147 675 252 748 tere,
273 651 394 766 quud
426 651 556 736 adhuc
575 647 645 736 sub
663 677 845 763 tempore
871 661 996 742 multos
1013 657 1104 742 irinc
1133 656 1227 742 inde
1254 657 1526 750 observatores
1549 674 1646 755 recti

147 765 351 861 inveniat,
383 763 537 878 ebsque
554 768 595 846 in
627 761 848 878 exemplum
876 775 1108 882 proponat,
1138 799 1211 857 uec
1234 775 1545 874 Grammaticus,
1572 807 1647 882 nec

148 881 352 992 Logicus,
384 906 456 962 nec
489 871 771 990 Legispcritus,
799 905 871 966 nec
902 886 1108 994 Scripturac
1133 890 1265 995 Tyro,
1291 913 1365 972 uec
1392 887 1474 998 ipsc
1499 892 1645 981 horum

151 1019 331 1132 quatuos
348 985 543 1077 librorum
559 992 723 1106 ,Autbor
742 992 963 1080 admittent.
1025 999 1118 1082 Mos
1135 991 1391 1110 loquentium
1409 999 1524 1090 estse
1543 1004 1644 1094 mul-

150 1130 200 1192 us
223 1111 312 1192 hoc
339 1106 430 1210 dici,
444 1103 578 1214 serisii,
599 1101 661 1188 vel
689 1099 891 1212 observari,
922 1107 1015 1194 srex
1040 1107 1214 1194 centenis
1240 1111 1446 1198 hominum
1469 1113 1644 1206 miliibtis

152 1225 285 1306 totius
304 1227 412 1330 regni
432 1223 581 1330 vigenti
600 1241 665 1302 aut
687 1223 846 1330 triginta
863 1221 1076 1306 assertionis
1095 1223 1206 1308 testes
1229 1225 1431 1312 habemus.
1490 1228 1642 1314 Aristo·

155 1329 311 1420 telcsin
336 1332 500 1446 Topicis
526 1326 725 1442 agnoscit,
754 1357 957 1430 numerum
978 1336 1208 1431 hominurn,
1236 1340 1306 1448 qui
1333 1339 1437 1424 duos
1461 1344 1638 1442 excedit,

158 1445 328 1532 termini)
341 1451 502 1554 plurium
520 1447 705 1558 exprimi,
725 1471 770 1528 ac
788 1450 903 1556 proin
922 1445 1110 1532 excessum
1127 1452 1314 1558 plurium,
1329 1455 1498 1540 termino
1516 1461 1640 1542 maritu-

157 1588 233 1648 mam
253 1561 396 1673 signari
413 1555 533 1669 posse.
595 1558 729 1642 Plures
744 1585 811 1642 uon
844 1579 909 1643 run
925 1567 1112 1674 pauciores
1127 1567 1232 1676 quim
1245 1563 1331 1666 duo,
1350 1569 1453 1652 multi
1472 1597 1539 1652 nus}
1547 1567 1639 1676 fisus

150 1679 456 1786 paucioresquirn
470 1691 572 1773 tres,
593 1673 778 1782 inquiunt
793 1673 966 1784 Cauiiistae
986 1703 1055 1784 per
1067 1673 1163 1762 uun
1182 1703 1349 1762 rrutnerus
1368 1671 1431 1764 De
1443 1684 1637 1778 Testibus,
1680 1725 1686 1734 ¹

158 1793 198 1874 δι
214 1817 284 1902 per
302 1783 328 1870 1.
353 1818 386 1871 ι.
409 1789 452 1896 pi.
465 1781 751 1892 huc-rescriptum
768 1786 821 1870 nd
841 1789 880 1870 S.
897 1787 938 1870 C.
958 1790 1097 1898 Syllan.
1118 1793 1158 1874 &
1178 1790 1291 1876 Bart.
1310 1791 1350 1870 iu
1368 1784 1396 1885 l.
1415 1796 1573 1892 Prator,
1593 1793 1636 1880 ff.

159 1907 199 1988 vi
221 1905 321 1986 bon.
347 1925 445 2014 rapt.
504 1899 554 1986 Et
580 1897 710 1986 Aibat
735 1899 776 1982 in
802 1925 836 1984 c.
860 1899 912 1984 ad
938 1927 1012 1984 nos
1042 1906 1106 1988 De
1138 1902 1220 1986 reb.
1248 1895 1389 1986 Eccles
1415 1930 1498 1987 nou
1516 1903 1635 1994 alien.

157 2017 203 2102 In
222 2015 406 2124 scriptura
426 2013 489 2097 hic
508 2016 692 2098 terminus
709 2014 749 2094 in
771 2012 915 2098 eodem
933 2011 1040 2097 sensu
1056 2011 1229 2098 restricto
1248 2015 1395 2097 centies
1409 2041 1634 2127 comparet,

158 2155 195 2214 v.
211 2158 247 2242 g.
260 2123 504 2238 surrexerunt
526 2127 629 2212 mulsi
642 2119 739 2231 falfi
762 2125 866 2236 testes
893 2171 910 2188 -
937 2127 1258 2222 mausuariorum
1278 2131 1636 2218 contrementium

157 2255 238 2344 tes,
269 2269 329 2352 ego
340 2241 418 2351 sum
437 2239 601 2355 Christus
628 2287 644 2306 -
664 2235 910 2344 surrexerunt
926 2241 1040 2326 nruita
1060 2257 1240 2350 corporum
1249 2238 1478 2345 sannorum,
1496 2246 1549 2336 &⁹
1568 2265 1633 2356 ap-

157 2353 487 2464 parueruntmultis
515 2405 531 2424 ·
560 2355 688 2440 Erant
708 2349 758 2436 iii
767 2355 930 2439 mulieres
945 2353 1076 2441 inultm
1136 2355 1264 2440 Matb.
1291 2357 1635 2470 ²4·&227·1}>se·

158 2493 246 2554 snet
261 2471 417 2556 Autbor
440 2463 634 2552 librorum
648 2461 702 2550 dc
725 2467 827 2550 Imit.
856 2459 988 2578 sapius
1010 2468 1121 2554 xhunc
1143 2471 1351 2552 terminum
1374 2463 1424 2552 fic
1441 2471 1635 2584 restringit

162 2607 198 2666 v.
217 2609 252 2695 g·
268 2585 389 2670 Multi
415 2607 528 2666 annos
554 2579 782 2688 conversuris
807 2597 1030 2686 computant,
1049 2581 1119 2690 sed
1130 2577 1228 2691 scapi
1251 2597 1397 2687 parvus
1416 2579 1632 2693 estfrusius

158 2689 185 2778 l.
210 2730 241 2784 ι.
259 2725 292 2780 c.
315 2725 382 2798 23.
409 2697 581 2780 MULTI
605 2695 718 2777 nauita
743 2693 961 2804 loquuntur,
989 2695 1041 2786 &⁹
1058 2697 1131 2780 idei
1148 2705 1200 2782 eis
1210 2715 1339 2803 parua
1346 2693 1444 2804 fides
1459 2697 1509 2808 cst
1527 2700 1631 2782 adiri-

152 2805 268 2894 icruia
287 2805 315 2904 l.
340 2839 377 2912 3.
396 2828 515 2908 c..36.
573 2807 631 2890 Ex
649 2806 831 2892 omnibuis
849 2807 908 2890 his
923 2803 1152 2922 colligitur,
1183 2803 1237 2890 nil
1255 2833 1421 2918 cogere,
1440 2833 1482 2891 ut
1498 2813 1632 2896 terrui-

158 2949 226 3006 nus
243 2925 346 3010 turriti
358 2949 432 3036 prp
443 2921 626 3032 plerisque
643 2921 885 3030 accipiatur,
913 2917 1118 3030 praesertim
1139 2919 1206 3005 ubi
1225 2943 1453 3016 contextus,
1468 2923 1512 3032 ,δι
1530 2948 1629 3008 corr-

158 3038 265 3122 testes
284 3031 495 3150 synchroni
518 3035 754 3132 determinant
774 3029 922 3117 sensum
943 3035 1212 3148 ambiguum,
1244 3029 1365 3146 prout
1397 3029 1630 3144 inpraesenti

277 3258 317 3370 ff.
334 3287 403 3368 7⁹·
431 3259 687 3344 BUSCHIUS
705 3251 727 3340 ai
743 3255 895 3371 negato
915 3251 1171 3370 Apostolicb,
1195 3258 1350 3344 Meuius*
1362 3257 1404 3344 de
1421 3255 1511 3366 Casa
1530 3260 1631 3348 Car·

155 3371 311 3470 dinaIe,
328 3379 368 3456 in
387 3372 703 3477 convifitatotem
724 3376 901 3454 omnium
918 3375 1184 3484 cujuscunque
1200 3373 1631 3461 OrdinisMonasterio·

158 3515 239 3596 tum
258 3515 329 3600 per
344 3488 569 3572 inferiorem
590 3488 839 3568 Germaniam
856 3509 1057 3593 receptus,
1076 3511 1121 3570 ac
1139 3489 1254 3597 proin
1275 3487 1325 3569 de
1343 3491 1452 3570 Statu
1469 3485 1637 3601 religio-2

157 3599 284 3686 sorum
303 3601 406 3686 benc
422 3599 678 3694 informatus,
705 3599 744 3680 in
761 3599 889 3686 Chron.
912 3599 1098 3683 Wndesh.
1123 3592 1150 3682 s.
1175 3627 1206 3682 s.
1232 3626 1265 3682 c.
1283 3628 1350 3706 47.
1374 3625 1479 3687 anuo
1508 3595 1630 3711 1'460.

94 3789 98 3798 ,
161 3709 286 3798 scribit
305 3719 326 3798 ι’
346 3769 375 3809 „
392 3719 538 3826 Magna
556 3717 595 3795 δι
613 3707 858 3794 admirabilia
878 3711 1018 3794 divinae
1035 3714 1185 3796 uirtutis
1205 3739 1230 3793 o
1261 3737 1323 3794 era
1342 3715 1381 3791 in
1400 3709 1539 3794 diebus
1553 3741 1629 3797 no·

157 3877 188 3922 n
218 3831 294 3915 stris
310 3831 351 3912 iu
370 3831 479 3911 omni
495 3827 597 3910 circa
615 3827 780 3936 'regione
801 3817 1100 3935 conspeximus,
1132 3829 1171 3908 δι
1191 3739 1311 3935 usgue
1327 3821 1450 3904 hodie
1470 3821 1554 3908 fieri
1569 3827 1630 3908 vi·-

155 3991 185 4036 „
215 3942 364 4028 demus,
414 3939 657 4056 Qondam
683 3940 796 4049 pauci
815 3939 1007 4031 Ordsnes,
1030 3935 1385 4030 Canthustenfibus,
1407 3941 1447 4018 δι
1462 3938 1630 4045 quibus·
1718 4034 1724 4044 ,

153 4103 187 4150 o
213 4055 308 4144 dam
336 4050 652 4142 Cistcrcicnsrbus
679 4054 882 4163 exceptis,
904 4045 1046 4163 regulae
1071 4050 1455 4150 &constitutionum
1479 4043 1632 4135 suarum

340 4179 348 4189 '
627 4199 630 4206 ·
1538 4183 1635 4249 tuuc
