3848 4846
116 451 120 480 ·
251 387 311 480 n
338 353 384 474 r·
416 299 510 488 u
535 403 554 426 -
575 385 601 448 ἰ
997 352 1171 468 mn
1190 357 1348 472 n
1374 299 1624 476 ,nini
1768 325 1771 338 ·

259 547 482 652 complures
499 544 562 638 ulii
584 541 716 626 virilu
740 539 802 624 his
825 537 943 624 rebus
957 537 1112 642 versati,
1141 543 1244 628 inter
1263 565 1364 650 qnos
1375 543 1540 654 ipsemet
1550 547 1748 660 Dupinus,

193 723 195 730 ,
255 660 498 768 judicarunt;
554 647 657 741 duos'
690 650 884 758 Codices,
922 651 1116 740 videlicet
1153 653 1398 765 Aronensem,
1445 659 1484 744 dt
1526 662 1747 774 Bibienson,

261 779 370 858 annis
389 773 575 858 trecentis
591 768 816 856 inferiorern
833 764 1023 889 nouelse.
1081 770 1308 856 sirmondus
1325 771 1431 858 idem
1444 775 1655 881 judicium,
1689 803 1747 866 te-

248 887 319 974 ste
348 887 539 995 Dupino,
573 889 664 970 tulit
684 883 737 970 de
769 885 923 997 Codice
940 881 1147 970 Peristensr.
1205 883 1276 972 De
1294 883 1448 972 Codice
1465 913 1594 976 autern
1609 898 1752 980 Gerar·

128 1087 131 1100 ,
262 999 467 1111 dimontenfi
480 997 710 1084 Monssterii
730 999 771 1082 S,
786 999 946 1086 Adriani
960 1001 1000 1086 in
1019 998 1156 1110 Belgio
1177 995 1252 1103 liti,
1268 1022 1378 1088 extat
1396 1001 1659 1092 testimonium
1673 1011 1747 1094 Pe-

263 1122 313 1202 tri
330 1117 518 1218 Almaert,
548 1113 740 1200 Monachi
757 1117 797 1199 &
810 1115 1101 1202 Bibliothecarii
1115 1120 1154 1199 in
1170 1117 1335 1222 prefato
1353 1113 1600 1206 Mounsterio
1616 1123 1654 1207 S.
1665 1125 1746 1208 Ad·

233 1237 375 1334 ·tisnl,
408 1227 628 1312 itNotario
654 1251 864 1336 exceptum
894 1233 1044 1338 protei
1073 1231 1281 1334 memoris,
1310 1255 1393 1338 quo
1415 1231 1558 1318 Petrus
1575 1238 1751 1322 Almoert

140 1413 172 1432 ..
263 1343 449 1446 testatur,
476 1343 516 1428 se
535 1347 575 1428 in
591 1345 730 1427 ultimo
749 1345 852 1429 folio
868 1344 983 1452 huius
1001 1342 1261 1452 Munuscripti
1283 1343 1458 1448 Codicis,
1483 1371 1574 1434 ante
1595 1355 1748 1459 aliquot
1899 1443 1907 1457 ,

87 1501 91 1510 ·
198 1473 209 1485 “
262 1483 388 1546 annos
404 1461 556 1562 exciso,
584 1456 714 1566 legisse
729 1455 814 1542 haec
829 1461 973 1546 verba:
998 1457 1075 1544 lulio
1089 1454 1408 1567 liberconscriptus·
1416 1457 1503 1568 fuit
1519 1467 1543 1544 al
1559 1461 1603 1548 F.
1621 1466 1746 1552 Ludo·

258 1580 341 1662 uico
354 1572 553 1674 deMunte,
566 1578 628 1686 qui
643 1571 723 1658 obiit
747 1587 986 1660 antennmon
1000 1572 1212 1684 millessmum
1230 1573 1615 1685 quadringentesimum.
1643 1579 1725 1690 (a)
1775 1573 1782 1584 ’

380 1685 424 1798 ll.
458 1696 552 1778 106.
581 1689 645 1769 nd
662 1685 1006 1798 haec'testimunia,
1035 1711 1121 1798 quae
1136 1689 1218 1776 sola
1242 1711 1441 1774 merentur
1459 1697 1745 1796 attentionem,

262 1802 509 1914 respondeo,
533 1825 579 1886 en
594 1801 728 1886 'critice
743 1803 913 1912 expensa
923 1830 1006 1889 non
1023 1798 1132 1910 polle
1148 1803 1265 1890 evehi
1282 1805 1381 1890 ultra
1398 1805 1557 1915 gradum
1571 1806 1743 1913 pruden-

256 1921 314 2016 ,tis
332 1915 459 2018 dubii,
490 1920 557 2000 vel
575 1915 624 2000 ad
640 1919 829 2003 summurn
844 1917 1046 2028 prudentis
1059 1916 1383 2026 presumptionis,
1411 1945 1495 2026 que
1514 1921 1654 2005 cedere
1672 1913 1739 2006 de'·

125 2051 136 2110 7
186 2141 189 2146 Ι
261 2031 357 2116 beat
374 2033 510 2116 morali
534 2035 755 2120 certitudini
769 2037 811 2120 in
839 2029 1062 2143 oppositum
1081 2031 1362 2124 demonstrate.
1423 2031 1547 2145 Quod
1579 2037 1740 2144 gradum

261 2147 371 2232 dubii
389 2151 457 2230 vel
476 2143 784 2256 presumptionis
795 2173 878 2234 non
897 2155 1101 2256 superent,
1126 2143 1181 2232 lic
1198 2147 1379 2234 ostendo.
1563 2223 1572 2237 ,
1768 2222 1784 2247 ,

379 2257 419 2368 5.
451 2285 545 2366 107.
575 2261 645 2346 De
668 2263 821 2348 Codice
850 2261 1044 2350 Aronensr
1062 2263 1213 2346 Eruditi
1238 2261 1464 2348 Parifienles
1488 2287 1571 2350 non
1592 2261 1741 2346 absolu·
1843 2343 1851 2354 .

262 2393 346 2462 tum
365 2397 412 2460 ac
428 2373 579 2460 firmum
599 2377 770 2462 tulerunt
779 2377 988 2484 judicium,
1012 2397 1102 2459 eum
1117 2399 1200 2468 non
1217 2375 1296 2460 else
1308 2373 1535 2462 inferiorem
1551 2381 1736 2472 trecennis

250 2493 376 2576 nonis
425 2487 490 2574 sed
507 2487 682 2576 timidum
703 2489 977 2576 &dubiosum
1037 2491 1206 2574 Termini
1229 2493 1333 2573 enim
1353 2491 1452 2572 illius
1465 2490 1611 2592 judicii,
1635 2513 1737 2596 quoe

357 2631 437 2688 snus
452 2609 493 2688 in
517 2601 580 2690 sus
594 2607 784 2691 relatione
800 2603 974 2692 aelorum
992 2607 1054 2689 bis
1069 2603 1259 2704 inculcet,
1286 2605 1340 2688 ite
1356 2603 1514 2688 sonante
1541 2606 1739 2713 Scriptura

113 2751 120 2759 ·
251 2743 332 2817 ,non
348 2717 496 2802 videtur
510 2717 663 2823 inferior
681 2725 850 2805 trecenos
863 2719 999 2803 annis..
1013 2715 1109 2802 Hoc
1124 2721 1292 2802 termino
1310 2719 1458 2802 vedetur
1475 2719 1531 2800 uti
1557 2719 1737 2822 solemus,

144 2897 146 2909 .
189 2903 192 2917 .
261 2835 330 2918 ubi
346 2832 441 2914 certi
457 2854 540 2916 non
555 2832 700 2936 sumus,
730 2835 794 2918 sed
810 2833 1020 2918 haesrtandc
1039 2829 1244 2934 flexibiles,
1263 2834 1303 2916 in
1322 2853 1439 2916 unam
1457 2833 1733 2916 contradictio

142 3011 145 3018 -
262 2949 323 3035 uie
342 2965 490 3052 partem
506 2947 732 3032 inclinamus
751 2944 951 3054 judicium.
1006 2945 1145 3056 ltaque
1168 2949 1303 3032 morali
1325 2947 1545 3030 certitudini
1573 2947 1734 3052 Kenrpi·

261 3057 375 3148 fiune
394 3054 553 3143 inferius
578 3057 601 3146 i
616 3062 779 3172 listas.
797 3059 982 3168 usquead
998 3059 1042 3170 l.
1068 3089 1159 3166 224„
1181 3059 1488 3146 demonstrande
1511 3083 1565 3142 err
1586 3061 1738 3146 Codice

262 3173 456 3262 Atonenli
474 3177 526 3258 nil
539 3177 648 3278 certi,
674 3177 739 3260 led
757 3176 1021 3276 nudunuideri
1036 3181 1262 3283 opponitur.
1317 3175 1416 3258 Hoc
1436 3179 1556 3372 ξίυῃ]
1579 3197 1735 3280 nutem,
1771 3181 1775 3189 '

262 3309 352 3374 utut
379 3309 509 3390 tenue,
539 3291 662 3378 videri
674 3289 924 3376 Eruditorum
945 3284 1322 3398 exterorumJudicid
1348 3289 1433 3374 firm
1462 3355 1476 3394 ‚
1503 3289 1542 3371 dc
1570 3289 1731 3374 minime

263 3399 541 3488 cundiabundo
560 3404 808 3490 Eruditorum
835 3405 1100 3512 indigenarum
1120 3403 1475 3490 Mediolanensrum
1504 3399 1730 3506 testimonio

244 3524 302 3604 ,iu
316 3519 427 3602 causa
447 3515 694 3628 Kempisrano
714 3517 1044 3622 indifferentium,
1071 3521 1171 3622 circo
1191 3519 1457 3626 Manuscriptn
1483 3537 1614 3602 temen
1638 3542 1731 3624 pto·

156 3701 159 3706 .
258 3635 352 3744 priae
367 3635 535 3716 nationis
553 3637 816 3742 expertiorum
838 3633 914 3747 (nl.
933 3638 1000 3748 36.
1025 3633 1176 3740 ὅπῃ.)
1203 3631 1345 3718 meritis
1362 3635 1540 3718 vincitur.
1569 3631 1637 3714 De
1652 3631 1735 3716 hoc

176 3825 184 3848 ,
255 3745 404 3858 judicio
423 3745 777 3843 mediolanensium
792 3750 1061 3851 Eruditorum,
1090 3749 1192 3832 inter
1205 3773 1303 3855 quos
1319 3743 1571 3832 lllustrilsrmus
1584 3743 1732 3830 Comes

165 3886 172 3903 ³
259 3861 466 3965 deSylvs,
495 3863 585 3948 dum
605 3867 691 3948 hec
707 3866 853 3966 scribo,
881 3868 1091 3948 etiamnum
1107 3865 1221 3948 vivit.
1281 3862 1360 3946 Enl
1388 3861 1548 3971 profero
1564 3859 1609 3940 P.
1626 3861 1675 3946 R.
1687 3861 1730 3945 P.

257 3977 404 4078 casati,
431 3973 470 4059 S.
496 3977 532 4088 J.
551 3977 806 4066 Provincialrs
822 3977 1376 4079 Mediolanenlrsl‘rovinciae,
1405 3973 1454 4061 ad
1467 3979 1517 4060 A.
1535 3975 1586 4066 R.
1604 3971 1732 4169 Phla-

312 4121 315 4130 =
1246 4101 1251 4110 ’
1587 4110 1635 4166 co
1665 4113 1733 4172 um

69 4229 101 4294 ‚¹
247 4176 1338 4320 Ummium
1569 4201 1725 4222 ’“““·“·
