3848 4846
141 308 424 492 arguentem
439 373 528 460 ΧΗ.
562 369 630 462 Ex
643 347 908 482 Mauustrintir
924 313 1107 464 (lodicibus
1124 379 1365 468 auratorum
1380 381 1562 500 Kempisto.
1591 411 1644 498 75
1800 441 1813 477 c

149 567 301 650 cobum
321 553 638 646 Biffeliutn-Soc.
659 553 773 666 JEsu
794 553 1011 652 Provincia
1032 557 1165 646 Boica
1184 559 1495 678 Procuratorem,
1526 573 1649 664 testea

143 677 313 768 litieras.

358 834 654 958 Reverendo
681 863 739 972 in
765 849 973 960 Christo
996 851 1171 964 Puteal
1240 979 1244 984 ,

483 1046 529 1150 1².
547 1062 596 1144 e.
748 1025 757 1049 ”

153 1227 284 1386 Sero
304 1213 415 1300 nimis
430 1207 708 1293 humaniffimas
726 1211 874 1295 litteras
901 1208 925 1292 i
951 1212 999 1293 R.
1011 1194 1079 1295 '’V.
1100 1209 1353 1306 &Februarii
1373 1222 1502 1310 adme
1530 1227 1642 1322 datae
1810 1223 1813 1230 ’

73 1426 75 1430 .
241 1331 389 1435 accepi.
449 1325 535 1408 Diu
551 1327 699 1432 quippe
716 1323 953 1408 Mediolano
969 1325 1096 1430 abfui,
1112 1331 1219 1414 'alibi
1241 1331 1426 1421 detentus
1446 1343 1642 1434 in'Visrta·

159 1455 268 1534 tione
285 1442 527 1538 Provincia,
556 1438 766 1548 prasertim
785 1439 1068 1548 Collegiorunl‚
1088 1467 1174 1550 que
1192 1449 1232 1530 in
1253 1447 1423 1537 Ditione
1439 1455 1647 1548 Genuensr
1784 1477 1786 1480 ’

162 1558 228 1648 fita
245 1565 345 1648 sunt.
406 1553 552 1636 Curavi
572 1573 720 1654 tamen,
750 1574 794 1638 ut
810 1555 1093 1664 quamprimum
1112 1557 1244 1644 Aronir
1265 1563 1482 1656 deferretur
1507 1599 1644 1662 exeru-
1778 1555 1835 1603 '⁰

156 1683 241 1786 plar
258 1669 576 1760 controversum:
611 1665 784 1772 illudque
814 1667 977 1774 subjecti
1002 1669 1254 1758 Eruditorum
1280 1683 1426 1783 oculis,
1466 1713 1567 1792 quos
1598 1696 1642 1779 in

154 1795 234 1874 hac
253 1791 350 1873 urbe
365 1783 496 1868 nostra
516 1783 753 1864 celebriores
776 1787 973 1869 nouimus.
1031 1785 1094 1868 En
1114 1809 1246 1872 autem
1264 1791 1313 1875 R.
1334 1795 1388 1876 V.
1408 1801 1560 1884 illorum
1576 1805 1638 1908 ju-

157 1908 327 1998 dicium,
363 1903 403 1980 in
440 1895 541 1978 folio
579 1919 734 1980 annexo
770 1895 937 1982 fideliter
964 1899 1200 2006 expositum.
1279 1903 1466 1994 Unanimi
1494 1915 1641 2005 scilicet
1753 1985 1756 1990 ι

157 2019 378 2114 consenlu,.
393 2007 485 2117 post
507 2009 670 2120 diligens
695 2031 863 2094 examen
890 2017 1171 2118 pronunciant,
1208 2025 1409 2128 exemplar
1434 2028 1641 2132 prefatum

158 2143 254 2219 ante
271 2149 415 2215 annum
438 2149 557 2224 1400·
574 2121 735 2209 minim&
754 2121 867 2216 fuiffe
883 2126 1158 2234 conscriptum.
1189 2131 1234 2216 ln
1252 2135 1388 2218 cadem
1406 2135 1531 2226 ferme
1549 2147 1638 2232 sen·

155 2251 283 2331 tentia
307 2244 347 2328 se
376 2237 585 2346 profitetur
609 2234 688 2322 elle
711 2235 756 2322 P.
786 2235 850 2346 jo,
872 2237 1041 2345 Baptista
1063 2241 1203 2326 Mulca
1232 2251 1274 2332 in
1292 2248 1474 2360 Collegio
1503 2261 1637 2346 nostro

126 2351 131 2356 ’
158 2355 375 2463 Braydenfi
397 2353 647 2462 Bibliotheca
670 2349 900 2437 Praefe'eius:
927 2357 1044 2462 eique
1070 2357 1238 2444 libenter
1257 2364 1552 2472 subscripturum
1568 2379 1640 2461 ›in-

161 2477 299 2579 ¹telligo
323 2469 364 2554 P.
384 2466 638 2568 flaturam,
666 2491 771 2552 nunc
785 2472 993 2574 temporis,
1021 2475 1061 2554 ni
1079 2469 1214 2574 fallor,
1244 2477 1286 2560 ln
1304 2477 1640 2579 ColoniensrCob

157 2577 266 2696 legio
285 2584 541 2688 Philosophia
557 2579 809 2689 Magistrum,
835 2586 900 2686 qui
922 2581 1046 2666 fertur
1062 2591 1261 2694 exemplar
1278 2589 1384 2678 idem
1402 2597 1639 2708 non'litnil,
1722 2583 1754 2634 ’Χ

156 2727 234 2786 nec
249 2695 517 2808 perfuniiorie
535 2689 770 2801 inspexiffe‚'
806 2693 897 2778 dum
917 2701 1074 2780 tertium
1098 2699 1345 2790 Probationis
1360 2735 1504 2794 «annum
1521 2719 1560 2800 in
1579 2722 1633 2802 A·

157 2815 312 2900 ronensr
327 2811 470 2900 Domo
489 2829 704 2918 perageret.
762 2811 836 2892 Per
852 2811 935 2892 haee
953 2811 1187 2896 satisfactum
1206 2819 1249 2899 iri
1265 2819 1380 2926 spero
1399 2825 1636 2936 Religiofiffi.

19 3019 23 3028 ,
157 2937 229 3012 ntis
252 2929 307 3011 D.
323 2923 377 3008 D.
398 2925 622 3023 Cannabis,
638 2925 775 3029 quibus
793 2925 971 3008 universa
986 2923 1116 3010 nostra
1131 2927 1309 3015 Societas
1329 2939 1479 3022 tantiam
1497 2943 1630 3049 debet,
1657 2966 1662 2972 ·
1800 2953 1804 2960 “

155 3045 313 3128 abunde
332 3043 478 3123 scilicet
495 3039 542 3120 ad
559 3043 754 3120 intentum
771 3035 869 3118 =sore
894 3039 1110 3123 censentur.
1170 3044 1306 3153 Quare
1331 3074 1421 3136 cum
1446 3077 1515 3156 ea,
1558 3085 1634 3166 qua
1740 3081 1747 3090 “

156 3181 225 3268 par
245 3155 332 3256 est,
359 3156 454 3262 grati
473 3155 591 3238 animi
614 3150 894 3260 fignificatione
921 3154 970 3236 R.
1001 3153 1053 3234 V.
1079 3179 1144 3238 me
1168 3157 1395 3249 deviniium
1420 3169 1633 3282 profiteor,
1676 3227 1678 3231 ,

154 3274 299 3383 uaeque
320 3265 360 3352 ff.
379 3265 417 3351 is.
438 3267 673 3374 &precibus
697 3263 874 3372 impense
891 3269 1144 3354 commendo.
1210 3327 1218 3344 .

206 3412 516 3564 guv.

293 3693 303 3710 .
553 3619 774 3707 Mediolani
799 3647 861 3740 17.
884 3621 971 3730 Julii
999 3627 1116 3731 1726.
1141 3625 1389 3720 Humillimue
1414 3641 1454 3725 in
1476 3593 1631 3736 Christo

384 3736 385 3739 ‘
685 3735 829 3822 Servus
850 3743 1046 3824 Antonius
1066 3741 1223 3827 Casurus
1250 3745 1376 3832 esec.
1397 3751 1513 3860 JEsu.

82 3931 88 3938 ¹
177 3913 180 3918 Ι
259 3977 492 4070 FOllUM
520 3937 1054 4070 ANNEXUMlichabet.
1097 3989 1266 4100 „Quod
1294 3995 1434 4082 attinet
1454 4001 1509 4084 'ad
1533 4005 1631 4089 Aro-

146 4163 177 4209 „
205 4102 335 4190 nenias
352 4091 806 4206 praediilivetuliatem,
834 4099 1027 4206 saspeites
1050 4125 1133 4188 tum
1156 4105 1366 4212 ipsillirnam
1400 4115 1630 4204 characteris

943 4213 1028 4306 K2
1116 4291 1119 4300 ·
1494 4287 1523 4333 2,
1553 4232 1634 4318 for·
