3920 4844
235 421 338 512 Μ
515 393 564 510 d.
581 417 684 512 245.
712 447 729 472 ·
762 369 864 514 259ss
892 397 1012 486 saria
1036 395 1259 487 urciano
1270 349 1497 514 striaturis*

251 579 311 665 set
328 565 481 692 rigore,
512 582 581 668 ubi
592 581 760 692 juvenes
780 581 819 670 u
837 581 1132 683 adolescentes,
1156 581 1378 688 majores&
1403 585 1596 679 minores,
1622 575 1674 661 de
1689 577 1744 664 di·
1770 679 1773 695 ,

126 707 134 718 ’
250 694 369 778 versts
392 695 527 780 mundi
545 702 717 803 partibus
736 695 979 782 accumulate
996 695 1212 798 effluentes,
1237 701 1277 780 in
1295 699 1365 782 suis
1387 693 1745 781 fundamentalibus

254 809 405 918 optime
423 797 713 917 imbuerentur,
743 809 942 900 Gerardus
968 811 1100 921 piures
1127 805 1303 896 Clericus
1320 812 1541 922 Scriptores
1564 811 1746 892 meliores

196 1017 199 1021 ,
255 929 297 1010 in
314 926 679 1012 unumtecolledios
696 930 816 1020 sbros
832 925 1053 1012 fundorum
1073 927 1228 1009 Patrum
1247 931 1287 1010 in
1304 926 1434 1012 forma
1448 929 1614 1036 meliori,
1638 927 1746 1008 salvo

257 1044 387 1146 pretio
410 1043 610 1150 condigno
631 1069 701 1147 per
719 1067 792 1126 eos
809 1044 971 1126 exscribi
996 1040 1094 1126 fecit
1111 1041 1150 1123 δι
1168 1044 1387 1148 excopiari:
1421 1043 1562 1149 quibus
1578 1043 1747 1145 aliquan·

257 1153 711 1262 toremporenecessaria
727 1155 905 1242 riuus&
924 1151 1087 1244 vestitus
1103 1155 1154 1240 de
1177 1160 1307 1264 pretio
1323 1157 1375 1242 stc
1394 1156 1582 1264 acquisito
1599 1153 1743 1236 studio·

14 1303 15 1310 Ν
149 1353 151 1360 ,
258 1267 296 1354 se
312 1273 658 1378 conquirentibus,
690 1271 747 1358 D.
775 1273 1003 1376 Florentius,
1033 1271 1332 1358 Deventrienlis
1356 1271 1533 1356 vicarius
1551 1268 1748 1380 (Episco-

259 1381 331 1495 pi)
359 1387 525 1472 Gerordo
540 1387 663 1471 dixitc
689 1386 801 1498 Quid
814 1406 1002 1490 noceret,
1025 1385 1138 1496 quod
1150 1410 1226 1497 ego
1246 1387 1285 1471 dt
1302 1387 1443 1473 Clerici
1456 1384 1516 1470 isti
1527 1384 1764 1504 Scriptores.

217 1501 227 1510 '
262 1523 337 1602 ea,
363 1524 448 1606 que
473 1501 705 1608 septimatim
726 1503 914 1590 babemus
944 1497 1191 1610 expendere,
1218 1504 1263 1586 in
1292 1524 1414 1588 unum
1440 1518 1681 1610 reponentes
1707 1503 1755 1593 in

262 1619 462 1698 communi
481 1621 624 1725 pariter
645 1617 909 1706 viveremus?
945 1615 1167 1728 Respondit
1190 1615 1402 1704 Gerardru:
1432 1615 1494 1700 lsti
1521 1615 1571 1700 de
1593 1613 1747 1700 Ordine

264 1727 575 1816 Mendicantiunr
595 1733 635 1820 id
653 1735 873 1820 nullatenus
891 1731 1156 1827 sustinebunt,
1185 1731 1225 1816 se
1242 1733 1337 1822 totis
1354 1731 1427 1818 suis
1444 1727 1746 1829 vinbusrcsrste·

265 1863 308 1924 re
324 1847 544 1931 tentabunt.
573 1847 795 1936 -Tandem
807 1843 1004 1936 Gnardut
1017 1851 1092 1933 titt
1121 1845 1168 1936 In
1181 1850 1343 1933 nomine
1358 1847 1525 1932 Domini
1542 1845 1749 1954 incipiatis.

265 1955 387 2066 Igitur
406 1961 459 2051 D.
482 1957 703 2047 Florentius
717 1989 795 2050 una
812 1985 905 2049 cum
923 1959 1038 2050 distis
1053 1960 1216 2048 Clericis
1232 1961 1493 2072 scriptoribus
1509 1963 1682 2072 pretium¹
1694 1962 1751 2043 la-

14 2077 16 2124 l
144 2175 150 2182 .
268 2071 411 2160 borum
425 2099 610 2162 manuum
626 2077 774 2164 suarum
794 2077 845 2164 de
858 2079 1104 2192 singularium
1119 2077 1324 2188 scalpturis
1346 2078 1631 2186 septimanatim
1657 2095 1773 2158 exat

14 2293 16 2304 ,
271 2184 379 2271 stunt
409 2193 450 2276 in
475 2193 626 2276 buriam
655 2215 908 2281 communem
932 2195 1236 2281 inchoaverunt.
1295 2193 1596 2278 Confiderantes
1619 2207 1752 2275 autem

14 2385 16 2398 ,
122 2317 127 2338 ·
269 2302 422 2410 prefati
441 2303 604 2410 Clerici,
634 2307 856 2414 hujusmodi
869 2313 994 2395 vitam
1010 2305 1089 2394 else
1108 2312 1214 2408 viam
1229 2305 1485 2414 perfectionis
1501 2311 1540 2392 in
1554 2305 1751 2416 primitive

272 2415 449 2504 Ecclesra
466 2425 514 2505 ab
535 2421 737 2530 Apostolis
757 2425 1011 2532 constitutam
1022 2421 1380 2527 concordaverunt,
1408 2428 1448 2509 in
1467 2425 1533 2506 tali
1551 2421 1752 2528 communi

273 2535 360 2618 vita
378 2536 444 2622 sub
470 2539 527 2623 D.
549 2537 725 2626 Hordntii
739 2538 986 2641 obedientie,
1013 2541 1191 2645 quemvis
1214 2533 1426 2628 solenniter
1451 2561 1532 2626 non
1549 2531 1751 2646 promissa,

182 2687 190 2704 =
252 2648 427 2733 tantus
447 2652 583 2738 diebus
599 2651 783 2740 vitesue
798 2649 1231 2762 perpetub'temanere,
1258 2651 1409 2738 visiutn
1425 2649 1662 2738 &vestitum
1675 2650 1751 2761 dcc.

276 2761 328 2848 de
349 2767 482 2850 labore
499 2791 681 2853 manuum
698 2769 848 2858 suarum
873 2773 912 2853 in
928 2769 1127 2854 communi
1142 2767 1351 2874 presertim
1367 2768 1662 2875 scripturarum,
1693 2771 1751 2850 in·

275 2877 427 2961 defesse
450 2881 713 2990 procurando..
764 2883 911 2968 Pariter
925 2883 1152 2983 statuerunt,
1179 2881 1751 2990 plureshomines,nonsoll1m

279 2991 475 3100 Clericus,
502 2997 705 3082 sedetiam
726 2997 887 3113 Laicos,
922 3001 971 3083 ad
985 2997 1118 3082 mundi
1136 3001 1409 3110 contemptum
1426 2995 1756 3082 verbis&exem·

145 3211 151 3222 κ
278 3111 354 3214 plis
380 3113 452 3194 suis
480 3115 685 3201 attrahere.
746 3112 881 3216 ltaque
909 3111 964 3205 D.
993 3111 1213 3196 Florentius
1236 3129 1324 3196 cum
1349 3113 1423 3198 suis
1447 3111 1685 3223 presbyteris
1711 3109 1756 3194 dc·

198 3267 203 3290 ·
233 3237 237 3244 ’
282 3219 443 3308 Clericis
462 3229 600 3312 invita
619 3231 815 3312 communi
833 3231 975 3334 pariter
993 3229 1323 3311 commorantibus
1345 3225 1512 3311 formam
1533 3225 1575 3309 dt
1588 3225 1753 3311 modum

270 3339 536 3425 'incommuni
558 3342 747 3441 vivendi,
790 3345 875 3426 loca
901 3343 1136 3448 &tempora
1164 3340 1382 3444 laborandi,
1418 3339 1625 3451 vigilandi,
1663 3341 1755 3428 dot·
1798 3438 1803 3444 ,

34 3555 38 3562 ¹
280 3454 449 3556 miendi,
478 3455 635 3557 orandi,
661 3455 838 3568 legendi,
868 3479 1035 3564 corpora
1060 3454 1279 3556 reficiendi,
1306 3455 1548 3565 aliorumque
1565 3457 1673 3540 saluti
1688 3458 1755 3539 all·

163 3675 166 3678 ,
282 3569 439 3671 quondo
462 3568 673 3662 insistendi.
719 3567 846 3654 Hanc
874 3564 1112 3678 Apostollcae
1138 3573 1229 3654 vitae
1256 3567 1422 3654 formam
1446 3569 1487 3654 dc
1507 3571 1757 3678 Evangelice

282 3677 539 3788 perfectionis
557 3687 760 3789 exemplar
769 3684 934 3786 formale
954 3709 1091 3773 omnes
1109 3684 1255 3792 ubique
1272 3683 1608 3797 congregationes
1632 3685 1758 3772 devo·

177 3857 183 3884 .
277 3811 412 3880 toturn
427 3801 764 3906 presbyterorum,
794 3799 1056 3904 Clericorum,
1087 3797 1757 3912 &Sororumimitantesperorbem

283 3910 530 4009 Almanicum
549 3919 756 4023 plurimum
776 3917 862 4005 sunt
882 3916 1059 4003 dilatate.
1087 3961 1105 3978 ·
1131 3916 1362 4020 Huiusmodi
1377 3915 1530 4002 Fratres
1545 3915 1762 4002 &Sorores

224 4093 230 4100 .
281 4017 365 4111 fine
384 4031 510 4139 aliqua
529 4054 635 4116 certa
651 4034 781 4142 regula
809 4029 979 4139 professa
999 4035 1039 4118 in
1064 4051 1158 4114 vera
1178 4029 1404 4118 obedientia
1419 4009 1518 4116 Deo
1545 4033 1759 4120 servientes

265 4141 834 4262 'instamutiquesuntsdutiu
849 4145 937 4234 cun
947 4143 1763 4350 jttrrtaprirnltiresscclesteinstitutiong'm
