3866 4844
425 351 584 474 Testiss.
606 351 782 466 Buschius
805 361 1010 468 1464spro
1035 359 1208 472 Isempisso
1235 357 1276 476 ἦ·
1308 389 1453 476 1471..
1582 324 1661 472 or

281 539 321 648 s.
345 549 440 628 126.
471 539 547 624 Hic
566 533 627 622 vii
652 563 769 623 tantae
792 537 1064 636 authoritatis,
1092 544 1133 628 in
1153 539 1311 654 publici
1339 548 1595 642 veneratione
1612 557 1665 644 ab

163 657 355 742 omnibus
380 652 537 738 habitus
562 657 603 736 in
631 649 700 736 suo
729 653 938 740 Chronico
965 654 1336 753 windesheimensi,
1362 647 1481 770 quod*
1505 663 1663 758 scanne,

168 781 295 882 1464.
318 762 525 854 absolvisse
543 763 673 853 scribit
691 763 717 849 s.
737 799 772 852 r.
795 794 830 852 c.
855 797 922 851 2¹.
944 770 1132 860 testatutt
1150 771 1278 880 pridie
1293 796 1384 857 ante
1403 801 1573 866 mortem
1589 789 1663 888 Jo-

161 889 273 969 annis
295 884 348 968 de
365 883 576 977 Huesdem
595 877 753 967 actualis
776 885 924 966 Prioris
948 886 989 966 in
1010 883 1250 972 monasteria
1275 886 1544 980 Windesheim
1556 952 1570 992 ,
1588 902 1660 984 viri

138 1085 140 1090 ,
164 993 356 1094 celebris,
388 1021 529 1110 utpote
556 1001 669 1080 unius
688 993 887 1106 exprimis
914 995 1189 1084 fundatoribus
1208 1005 1527 1112 congregationis
1547 1011 1659 1100 Win.
1734 988 1737 996 ’

166 1110 468 1209 desheimensts,
488 1107 631 1195 venisse
650 1114 689 1192 in
707 1109 977 1200 Windesheim
997 1139 1045 1195 ex
1063 1113 1194 1212 virini)
1211 1113 1453 1200 Monasteriss
1467 1121 1507 1212 S.
1522 1123 1660 1236 Agne.

166 1229 218 1310 tis
243 1227 440 1310 Thomam
460 1221 716 1337 Kempensem
751 1250 841 1308 curn
859 1223 1002 1320 sociis,
1037 1227 1253 1338 recipiendi
1279 1225 1329 1312 ab
1357 1232 1590 1321 Huesdeniss
1612 1243 1656 1326 in

169 1339 346 1453 quodam
367 1336 534 1454 negotii
564 1333 715 1424 consrsii
732 1331 857 1422 causi.
917 1341 1053 1424 Nosse
1071 1337 1287 1451 Kempistus
1305 1340 1443 1427 habuit
1459 1345 1654 1440 somnium

172 1479 249 1540 tam
267 1451 412 1540 clatum
435 1483 479 1538 ac
502 1453 720 1537 distinctum
740 1457 991 1558 conjunctum
1010 1481 1099 1538 cum
1127 1450 1385 1562 illustratione
1414 1463 1453 1544 ἃ
1472 1453 1664 1556 πηοῐὶοῃέ
1781 1517 1786 1534 ··

170 1568 342 1664 interni,
361 1571 413 1654 de
428 1563 607 1652 celeriter
630 1563 805 1651 secuturi
821 1581 950 1652 morte
975 1569 1213 1664 Huesdenii‚
1231 1593 1274 1653 ut
1297 1570 1411 1656 mane
1429 1565 1513 1660 non
1534 1579 1654 1667 dubi·
1745 1657 1748 1668 .

168 1707 267 1770 taret
284 1707 450 1767 monete
478 1679 685 1794 religiosos
708 1683 958 1777 Monsst'erii,
976 1707 1190 1795 properare
1205 1711 1276 1768 eos
1301 1685 1471 1784 debere,
1492 1689 1519 1774 sr
1537 1697 1653 1780 Prio-

165 1827 246 1884 rem
282 1795 584 1894 Huesdenium,
614 1795 744 1879 adhuc
770 1799 939 1908 repetire
965 1793 1141 1886 vellent'r
1166 1799 1281 1910 quod
1300 1795 1493 1888 somnium
1512 1835 1650 1898 verum

165 1910 298 2009 fuisse,
311 1911 499 2024 probavit
516 1934 691 1996 eventus.
722 1907 907 1994 Buschius
923 1934 1017 1994 tunc
1034 1915 1224 2022 temporis
1239 1907 1443 2024 religiosus
1458 1921 1536 2022 jam
1553 1949 1651 2032 pro·

165 2027 278 2114 sessus
294 2032 335 2110 in
362 2025 632 2116 Windesheim
655 2029 696 2108 in
722 2025 932 2108 Chronico
955 2021 1010 2106 sui
1038 2025 1270 2108 Monasterii
1298 2020 1520 2115 describens
1541 2035 1650 2122 hunc

134 2239 138 2246 ‚
168 2168 375 2238 eventum,
394 2139 486 2226 facit
509 2137 619 2251 simul
645 2136 906 2238 honorificam
931 2139 1174 2222 mentionem
1198 2137 1380 2250 Kempisi
1399 2143 1460 2226 his
1484 2147 1647 2234 Verbis:

165 2309 201 2355 ,ι
227 2261 413 2370 Contigit
441 2277 533 2340 ante
552 2281 701 2366 pausos
727 2251 811 2336 dies
832 2247 887 2335 sui
914 2250 1194 2362 (Huesdenii)
1215 2254 1374 2348 obitus,
1398 2261 1442 2340 ut'
1468 2258 1552 2344 duo
1570 2259 1649 2348 sta·

165 2426 196 2470 „
222 2397 300 2458 tres
324 2365 517 2453 notabiles
543 2369 594 2452 de
620 2373 761 2452 Monte
786 2361 920 2451 saneiae
949 2367 1117 2478 Agnetis
1142 2365 1268 2479 prope
1294 2363 1458 2453 Zwolsis
1483 2376 1647 2464 Ordinis

166 2540 199 2584 „
232 2487 373 2580 nostri,
390 2485 536 2568 dicium
560 2486 738 2570 Priorem
765 2482 938 2564 nostrum
963 2475 1074 2592 supet
1096 2479 1212 2564 certis
1236 2480 1353 2566 rebtis
1372 2483 1585 2572 consulturi
1600 2521 1748 2640 L-

164 2655 194 2700 „
218 2594 448 2688 'windesem
473 2597 729 2698 advenirent3
761 2621 933 2706 quorum
958 2620 1057 2676 unus
1076 2589 1194 2678 stater
1214 2598 1389 2703 Thomas
1415 2597 1467 2683 de
1483 2607 1645 2714 Kempts
1868 2605 1871 2611 ’

164 2773 192 2814 ,,
218 2721 277 2799 vit
293 2715 468 2828 probatae
484 2714 591 2804 vitat,
613 2715 683 2822 qui
703 2703 833 2819 plures
852 2709 1023 2791 devotos
1041 2703 1166 2791 libros
1183 2705 1430 2820 composuit,
1442 2713 1643 2802 videsiiet.
1683 2797 1687 2824 ,

164 2885 193 2928 ,,
223 2832 301 2950 Qui
318 2824 485 2940 seqnitur
505 2851 557 2908 me
574 2891 585 2925 ‚
604 2827 648 2908 de
671 2827 870 2910 Imitatione
895 2819 1054 2934 Christi,
1083 2849 1171 2904 cum
1190 2817 1302 2919 aliis,
1327 2829 1444 2910 noete
1468 2825 1641 2916 insecuti

164 2999 191 3044 ,‚
217 2944 412 3030 somnium
427 2939 527 3024 vidit
541 2935 750 3052 ptaesagum
767 2934 1000 3020 futurorum.
1037 2930 1199 3048 Aspexit
1215 2961 1386 3049 namque
1401 2941 1441 3022 in
1462 2938 1543 3026 visu
1565 2971 1642 3028 no·

141 3113 189 3158 „‚‚
220 3061 291 3144 etis
306 3049 536 3142 concursum
552 3050 752 3165 spirituum
770 3051 978 3134 beatorum
996 3045 1079 3133 fieri
1105 3053 1145 3131 in
1167 3047 1411 3145 coesestibus,
1441 3053 1548 3168 quast
1562 3085 1638 3169 pro

164 3227 190 3270 „
220 3169 384 3278 aiicujus
406 3169 521 3252 obitu
536 3171 714 3253 celeriter
733 3165 1015 3258 festinantium,
1034 3163 1242 3276 statimque
1259 3159 1430 3278 tabulam
1448 3193 1638 3284 tanquam

161 3345 190 3390 „
217 3316 295 3408 pro
325 3287 527 3369 morientis
554 3287 730 3366 exitu'in
755 3275 898 3362 somnis
924 3276 1076 3360 audivit
1105 3272 1266 3390 pulsari,
1289 3304 1331 3361 ut
1346 3280 1489 3366 exinde
1502 3311 1640 3396 exper-

162 3457 189 3502 ,‚
219 3407 345 3486 rectus
373 3393 585 3510 evigilaret.
645 3399 815 3506 Surgens
842 3387 938 3504 ergo
959 3391 1011 3474 de
1040 3386 1168 3486 serto,
1197 3395 1237 3473 ἃ
1262 3391 1453 3504 quidnam
1470 3395 1562 3481 esset
1579 3399 1637 3483 sa·

161 3572 188 3616 „
218 3523 323 3601 sium
344 3509 483 3598 volens
499 3515 555 3597 ire
570 3505 715 3602 visum,
735 3508 928 3590 n‘eminem
947 3509 1132 3616 percepit.
1179 3505 1270 3588 Erat
1285 3529 1414 3592 autem
1435 3510 1547 3595 mani
1567 3539 1637 3602 an·

158 3686 187 3731 ‚,
217 3657 258 3716 te
283 3631 423 3713 horam
448 3630 645 3740 quintam,
679 3621 871 3707 &fratres
897 3619 1026 3706 adhuc
1055 3618 1319 3704 dormiebant.
1380 3619 1478 3708 inse
1500 3629 1636 3740 itaque

158 3799 186 3843 „
216 3735 395 3829 reversus
411 3743 523 3853 carpit
545 3737 661 3824 tacite
685 3742 888 3850 cogitare,
919 3732 1032 3846 quod
1059 3738 1171 3818 Prior
1190 3737 1230 3815 in
1249 3731 1505 3844 Wndesemin
1524 3741 1633 3826 brevi

158 3913 188 3957 ,‚
218 3855 311 3945 esset
327 3860 576 3968 migraturum
594 3856 740 3936 nemini
755 3874 883 3932 tamen
895 3847 946 3932 de
965 3843 1163 3954 Wmdesem
1180 3846 1415 3932 tunctetulit
1431 3849 1633 3956 visionem,

157 4029 184 4072 ss
218 3967 285 4058 sed
305 3967 451 4057 clerico
468 3971 519 4052 de
534 3967 741 4052 Brabantia
760 3962 888 4046 secum
904 3961 997 4047 inde
1014 3967 1190 4074 pergenti
1211 3963 1309 4044 dixit
1330 3967 1369 4046 in
1386 3961 1554 4049 secreto:
1573 3969 1634 4051 di-

155 4143 185 4189 ,‚
214 4093 310 4178 catis
330 4091 511 4175 Domino
534 4089 740 4170 Herntanno
767 4079 920 4167 Scutken
941 4080 983 4164 in
1002 4073 1172 4164 Thenis·
1191 4101 1329 4162 monte
1346 4089 1632 4278 commoqanri²

1523 4203 1633 4280 rs’ri-
