3866 4844
261 277 320 451 'oo
386 337 445 454 '§.
476 367 602 452 125.-
530 367 803 454 5·.e154
759 291 1592 472 Testrscontrffiratiprcll'empissolr471

266 527 494 636 „srPriori
515 530 614 613 velit
629 529 768 636 loqur
757 555 795 612 ιιι
815 528 881 612 W
881 521 1033 634 nosen
1065 527 1179 635 quim
1206 531 1286 616 cito
1305 538 1462 635 veniat,
1491 539 1580 642 quia
1601 536 1667 622 diu
1684 539 1747 624 hic

269 671 408 750 „non
430 648 522 744 erit,
550 641 687 728 livera
704 642 780 727 furt
795 643 917 732 vrsro
950 645 1401 749 quamhacnoitevidl
1445 651 1526 762 Qu
1539 655 1751 766 nonlonge

230 708 414 873 :ipost
431 703 608 864 Mil'lam,
636 763 741 843 viam
760 758 945 841 universae
961 777 1071 840 tetre
1089 755 1146 842 est
1162 759 1399 870 ingrellus„

157 992 162 998 ,
380 905 423 1020 li
460 937 554 1018 127.
589 902 808 991 Gersenista
824 901 1050 1009 Schyrensrs
1075 907 1261 1013 expedite
1278 912 1510 1018 respondet,
1542 919 1755 998 narratiun-
1805 947 1819 996 .-

266 1028 381 1111 citiam
396 1027 487 1110 hanc
509 1027 626 1106 aliena
648 1047 755 1104 manu
769 1022 853 1104 Aut
838 1023 1031 1130 thograplm
1053 1021 1199 1128 Buschii
1214 1023 1276 1136 ad
1274 1026 1390 1108 eiiam
1407 1021 1482 1136 affe.
1515 1029 1666 1112 Verum
1675 1032 1753 1112 hoc

264 1143 458 1228 somnium
480 1133 705 1220 Gersenistae
730 1133 939 1242 dispellitur
957 1135 1105 1220 solenni
1126 1055 1384 1222 Instrumento
1403 1141 1650 1250 Magistratus
1674 1143 1756 1226 Lo-¹

267 1239 460 1347 vaniensra
481 1269 659 1336 recenter
677 1247 831 1354 orello,
859 1249 967 1358 quod
992 1273 1082 1336 cum
1107 1247 1282 1360 Epistola
1305 1254 1353 1338 ad
1377 1280 1441 1342 me
1471 1259 1561 1340 data
1593 1261 1662 1344 hic
1690 1285 1754 1343 an·

267 1368 400 1460 neiio.

337 1476 620 1590 Plurimum
640 1473 960 1604 Reverendo,
985 1511 1046 1586 ac
1067 1477 1405 1590 Erudrtrffime
1432 1481 1686 1592 Domine!

269 1625 436 1841 Qrod
460 1624 482 1706 ὲ
502 1649 568 1706 me
588 1621 852 1730 expostulavit
866 1625 915 1704 R.
927 1625 981 1705 V.
1002 1627 1269 1712 authenticum
1290 1652 1335 1710 ac
1352 1633 1541 1714 notariale
1558 1629 1759 1712 Testimo-

392 1743 499 1824 nium
525 1762 613 1823 cum
634 1738 922 1846 Authograplro
941 1738 1094 1822 Busclrii
1111 1744 1430 1843 collationatum,
1467 1745 1661 1854 Dignitati
1691 1741 1764 1826 Ve-'

256 1851 357 1988 stra
372 1859 607 1938 transmitto.
665 1847 754 1939 Det
781 1850 916 1955 Deus,
956 1856 1152 1940 crambem
1180 1859 1299 1939 toties
1326 1855 1525 1944 recoctam
1555 1858 1583 1941 e
1608 1851 1757 1966 mandri
1910 1853 1911 1860 ‘

265 1973 421 2080 penitus
440 1971 626 2052 eliminet.

248 2147 253 2154 .
385 2079 573 2166 Mrlrllem
589 2079 952 2189 pnnas&u1ornas
971 2079 1133 2167 Codrcrs
1147 2082 1265 2170 nostri
1279 2085 1672 2194 llemprliamlmeas
1691 2081 1758 2168 sed

268 2221 353 2282 non
371 2196 427 2282 est
445 2201 513 2282 vel
532 2195 770 2280 amanuensrs
793 2221 913 2298 unus,
943 2201 1009 2301 qui
1027 2200 1290 2284 characterem
1312 2201 1417 2285 Ven.
1435 2202 1478 2284 P.
1501 2201 1670 2286 Thomae
1685 2222 1758 2284 no-

266 2311 370 2396 stri'
359 2316 497 2396 rmitarl
519 2307 646 2417 ptiffit.
705 2307 849 2411 Addo,
883 2332 957 2392 nos
982 2329 1120 2413 praeter
1149 2313 1204 2394 V.
1232 2314 1275 2392 P.
1309 2313 1512 2420 aKempis
1537 2319 1758 2422 Authogra-

297 2429 389 2510 hum
413 2428 598 2534 possidere
621 2424 758 2508 librum
776 2423 825 2506 de
850 2423 1072 2506 Imitatione
1098 2423 1317 2530 impreffum
1342 2429 1485 2510 Parilris
1515 2457 1584 2516 ιο.
1611 2429 1756 2536 Aprilis

20 2555 25 2560 ’
171 2453 394 2649 ‘hoo
417 2567 479 2624 cur
470 2538 672 2648 praefixus
691 2538 844 2620 Titulus
861 2536 1034 2647 (incipit
1050 2539 1171 2620 liber
1163 2545 1306 2646 primus
1326 2545 1470 2648 egregii
1486 2543 1569 2624 Viri
1590 2545 1757 2652 Thomas

268 2655 320 2742 de
342 2656 484 2762 Kemp
475 2683 505 2738 rs
526 2656 577 2738 de
593 2653 665 2736 Irni
654 2656 817 2736 tatione
835 2650 997 2752 Christi,
1024 2651 1130 2735 &de
1148 2675 1381 2756 contemptu
1402 2660 1575 2738 omnium
1605 2645 1757 2738 vanita

142 2813 151 2820 ·
268 2793 353 2854 tum
372 2768 541 2876 mundi)
568 2793 631 2852 cur
621 2765 793 2850 eodem
814 2763 1034 2848 charactere
1054 2791 1228 2852 annexus
1246 2767 1428 2854 tractatus
1443 2769 1620 2912 Magistri
1637 2767 1755 2876 Joan

268 2891 328 2972 nis
346 2885 530 2968 Gersonis
550 2883 599 2966 de
615 2881 871 2964 meditatione
888 2879 1029 2962 cordis.

256 3045 259 3053 ,
382 2999 562 3106 Longam
593 2997 643 3078 R
664 2995 718 3076 V.
744 2999 783 3076 in
810 3015 1020 3076 commune
1052 2992 1210 3078 Ordinis
1237 2999 1387 3080 bonum
1417 3020 1597 3104 precatus
1631 3004 1754 3084 vitam

269 3111 445 3224 fingulari
467 3136 555 3198 cum
576 3109 821 3194 observantia
842 3108 1036 3198 inscribor.
1104 3195 1108 3202 ,

1197 3217 1329 3299 Servus
1349 3223 1385 3296 in
1406 3220 1548 3297 Christo

930 3319 1010 3430 Jac.
1040 3317 1184 3403 Thom.
1206 3321 1395 3408 Bormam
1412 3325 1473 3408 Pr
1493 3315 1775 3412 Martinianus'

997 3433 1349 3544 Lovaniimpprla

378 3587 560 3701 Sequitur
577 3584 876 3672 Instrumentum
893 3583 1105 3690 publicum.

744 3761 864 3866 1760.
896 3755 1268 3862 (L..S)Bemmel

270 3878 433 4041 Infra„
411 3877 570 3982 scriptus
590 3871 781 3958 Notarius
797 3875 974 3980 publicus
990 3896 1060 3978 per
1072 3869 1226 3953 Curiam
1238 3873 1454 3955 Brabantiae
1470 3867 1661 3968 admissus,
1673 3861 1751 3950 Lo·

331 4019 435 4076 vann
426 3991 635 4088 residens
665 3987 785 4070 fidem
804 3985 931 4088 facio,
962 3987 1002 4068 &
1022 3983 1194 4087 attestor,
1227 3985 1335 4090 quod
1355 3975 1752 4092 amplissimum-

69 4069 75 4081 ¹
165 4089 172 4096 ⁸
272 4107 397 4194 cobus
415 4106 589 4191 Thomas
608 4103 796 4190 Bosmans
821 4047 931 4188 Prior
947 4103 1200 4189 martinianus
1219 4097 1546 4186 Wirrdesemensrs
1563 4123 1636 4212 pro
1656 4111 1754 4282 teme

1656 4225 1729 4313 por
