3920 4848
283 403 370 480 too
411 293 417 324 o
581 405 598 412 ·
654 377 703 489 s,
727 375 851 470 CXll.
888 377 1140 498 Exceptiunet
1169 327 1436 503 lierseniil‘ae'¹

374 631 403 675 „
415 581 505 678 ilaec
522 594 646 652 antem
663 581 780 664 cruia,
795 575 1032 653 catholicam
1045 574 1154 653 iidem
1173 572 1394 655 concernens
1407 579 1475 670 ,ad
1488 571 1769 659 Conllaotienie

179 745 181 752 -
285 682 552 781 „Concilium
573 679 687 751 totius
708 679 978 755 oecumenicum
1004 679 1150 752 candent
1178 679 1249 754 suit
1265 680 1451 756 devoluta.
1524 684 1763 758 Reverendus

287 817 317 881 „
342 787 456 886 igitur
471 777 633 856 Eccleste
646 775 881 867 Trajesiensrs
898 775 1057 852 Antiiles
1079 779 1260 854 Dominus
1277 779 1485 855 fredericus
1512 781 1559 856 de
1584 779 1763 856 Dianlren·

234 901 237 910 '
288 935 315 980 „
337 887 425 962 hem
449 881 605 980 prudens
641 877 678 952 &
701 875 905 963 litteratus,
937 891 1102 976 patentes
1129 876 1268 954 litteras
1297 879 1411 978 iigillo
1437 880 1499 956 lun
1517 883 1767 958 communitas

285 1035 314 1079 „
337 981 479 1060 causum
506 975 743 1078 premissam,
770 974 972 1075 iiatt'tmque
986 979 1150 1052 omnium
1166 979 1386 1057 devotorum
1402 981 1528 1056 Patriae
1548 982 1615 1056 suc
1641 983 1763 1054 conti·

42 1084 65 1119 '‘
188 1141 194 1150 -
285 1135 313 1180 „
340 1104 468 1162 nentes
485 1082 604 1157 eidem
624 1074 815 1152 univeriali
837 1075 1030 1150 transmisit
1051 1077 1221 1152 Concilio
1239 1127 1251 1165 ,
1267 1077 1435 1154 mlianter
1449 1077 1617 1168 ex'o'r'ans,
1639 1079 1770 1158 atille

248 1245 261 1256 .
287 1211 316 1280 ,·,
340 1179 510 1261 sudaster
537 1177 646 1253 freter
673 1171 866 1252 Mattheus
896 1172 1017 1252 Grnbo
1046 1175 1154 1276 digni
1183 1177 1348 1254 feriretur
1373 1173 1681 1257 animadversorie
1705 1203 1768 1256 te-

178 1315 185 1342 2
290 1333 319 1379 „
347 1284 469 1387 probis
497 1276 790 1376 inexemplum,
831 1275 940 1352 iidem
967 1273 1036 1350 suis
1062 1277 1196 1354 faciens
1222 1277 1360 1378 scriptis
1390 1281 1638 1368 authenticis,
1663 1281 1766 1379 quud

289 1431 321 1478 „
346 1381 435 1459 nihil
452 1375 747 1478 uuquammali,
783 1377 935 1474 dignum
969 1373 1166 1477 suspicione
1194 1396 1319 1452 contra
1342 1401 1482 1454 morem
1509 1379 1696 1466 Ecclefiae,
1726 1382 1770 1454 in

293 1528 322 1578 ,‚
345 1483 490 1559 devotis
517 1479 624 1575 hujus
643 1478 769 1552 Patrlae
794 1477 895 1550 sexus·
919 1475 1110 1575 utriusque
1129 1477 1270 1572 inuenit
1292 1473 1522 1566 delitescere,
1550 1479 1608 1553 sed
1636 1501 1767 1554 omnes

295 1631 324 1678 „
350 1585 389 1660 ὃ(
408 1579 534 1681 singull
552 1580 668 1654 uitam
682 1597 806 1651 veram
820 1621 832 1661 ,
848 1571 1090 1672 Apostoilcsm
1106 1577 1266 1654 Ecclesrar
1282 1579 1472 1674 primitivae
1485 1629 1495 1662 ,
1509 1599 1550 1652 ut
1563 1583 1643 1670 veri
1656 1580 1767 1655 Citri-

283 1681 446 1776 ⁸{sillani
470 1683 676 1777 adpotum
708 1675 902 1750 letvarent.
968 1677 1080 1774 Qtod
1107 1676 1157 1750 ita
1184 1677 1218 1750 le
1237 1677 1372 1752 habere
1397 1677 1619 1755 venerabiles
1640 1679 1767 1754 Patres

293 1801 323 1878 si
344 1783 509 1886 Jvtmmi'
521 1779 561 1858 de
578 1773 736 1853 Husidm
750 1771 1023 1869 iandesem
1049 1777 1087 1850 &
1105 1772 1261 1873 Journet
1282 1775 1385 1852 Wud
1400 1779 1436 1850 in
1458 1777 1617 1853 Betleem
1638 1777 1769 1854 Zwol·

295 1931 323 1978 „
347 1889 390 1960 ils
404 1883 568 1969 Priores,
600 1877 671 1951 uni
690 1897 775 1949 cum
795 1874 955 1949 Domino
967 1873 1124 1952 Henrt'co
1148 1876 1358 1973 deAhuys,
1385 1877 1593 1953 &Domino
1610 1877 1769 1954 Evernr.

185 2047 188 2052 .
293 1981 324 2078 ,ᾗ
349 1982 393 2061 do
424 1981 553 2058 anera
580 1979 617 2053 in
646 1973 818 2067 Oldenlnle
839 1995 928 2050 tunc
943 1975 1159 2064 Canonico,
1184 1974 1307 2074 pullea
1326 1978 1363 2048 in
1382 1975 1768 2082 Monasierluoordinis

295 2098 323 2176 ,',
345 2080 455 2160 nollti
479 2102 593 2180 prope
620 2070 993 2171 Nortlrornregulatl
1024 2074 1238 2160 Canonlco,
1278 2074 1412 2150 ibidem
1437 2095 1527 2154 tenc
1555 2077 1800 2176 presentes,

296 2231 325 2276 „
351 2180 497 2282 publice
518 2181 555 2256 ἂ
580 2175 784 2254 constanter
806 2171 1027 2248 affirmantes
1060 2173 1374 2273 protestabantur,
1401 2173 1507 2272 fidem
1528 2177 1575 2254 de
1592 2177 1646 2251 his
1662 2177 1770 2252 indu.

298 2315 326 2374 ς,
350 2286 446 2358 biam
473 2279 639 2356 Dominis
662 2271 916 2350 cardinalibus
941 2275 980 2349 dt
995 2271 1133 2349 cundis
1154 2275 1314 2350 Praelatis
1333 2275 1464 2350 ibidem
1480 2271 1664 2352 facientes.
1715 2277 1771 2350 Fi·

299 2431 328 2474 „
355 2375 548 2456 dellilimus
563 2371 884 2468 autemlixecutur
897 2371 1101 2474 litterarum
1113 2373 1372 2474 Epilcopaliur‘n
1389 2371 1457 2448 fuit
1470 2377 1527 2449 vir
1543 2373 1602 2452 ille
1617 2372 1769 2461 dusius,

301 2529 331 2572 „
353 2477 523 2577 magister
533 2468 738 2549 Wt'lbelmtrs
752 2468 791 2546 de
806 2465 952 2544 Licham
967 2519 978 2556 ,
1006 2475 1043 2546 in
1057 2474 1195 2548 artibus
1209 2473 1396 2576 magistet,
1428 2477 1467 2548 ln
1487 2471 1667 2576 Theologin
1681 2473 1773 2550 Buce

299 2611 327 2673 ‚·,
353 2580 532 2656 coloritus
557 2573 758 2656 formatus,
776 2569 932 2644 inomni
951 2570 1096 2645 scientia
1120 2573 1157 2647 dt
1173 2571 1346 2648 facultate
1361 2574 1550 2649 industrius
1572 2621 1584 2662 ,
1611 2573 1771 2648 Universs

10 2709 11 2718 ¹
108 2761 113 2768 ,
255 2713 263 2724 ·
299 2697 327 2774 '„
360 2680 471 2754 fitatis
502 2667 701 2769 Paristenfis
727 2671 763 2744 in
800 2670 931 2746 eodem
949 2670 1118 2745 Concilio
1144 2673 1405 2762 Ambacistor,
1439 2673 1611 2750 licclefiae
1639 2673 1776 2749 Snnblae

301 2829 330 2876 „
356 2781 487 2858 Maria
517 2777 553 2851 in
582 2771 787 2848 Druentrt'n
814 2768 892 2874 poll
921 2770 994 2846 ltus
1025 2770 1172 2859 Pastor,
1199 2772 1236 2848 dc
1257 2773 1466 2848 Canonicus
1492 2773 1773 2859 Deventrimlrs.

171 2964 177 2975 ,
302 2929 329 2976 ,,
355 2881 432 2977 Qui
452 2874 616 2976 Episcopi
639 2869 861 2969 Trajeslenstt
878 2870 915 2944 ln
933 2871 1097 2945 omnium
1112 2867 1296 2947 audientia
1314 2869 1416 2966 leolis
1440 2871 1619 2972 epistolis,
1634 2871 1772 2948 diuum

291 2985 331 3074 '„
356 2980 505 3058 fratrem
540 2967 768 3066 Grnbonem,
793 2988 967 3064 tanquam
992 2971 1255 3048 ltaereticunr&
1275 2968 1524 3068 blasphemum
1548 2975 1654 3073 petiit
1668 2973 1773 3064 adju.

298 3111 328 3176 ᾗ,
356 3078 469 3154 dicari
491 3122 505 3164 ,
532 3093 577 3150 eo
598 3071 698 3247 puori
718 3057 838 3170 piures
866 3065 950 3142 fidel
964 3067 1175 3146 Christiane
1199 3072 1400 3148 sonnatius
1420 3073 1456 3148 in
1480 3071 1541 3148 suo
1557 3071 1679 3149 libello
1705 3094 1772 3170 po·

128 3177 143 3192 ’
299 3229 327 3274 ,,
356 3175 476 3256 luisset
497 3175 690 3262 atticum,
717 3167 892 3248 videlicet
910 3169 1009 3265 quod
1024 3167 1142 3244 nullus
1159 3171 1195 3246 in
1220 3169 1341 3268 aliqua
1362 3169 1562 3272 religione,
1589 3175 1632 3250 ab
1646 3171 1770 3248 Eccie.

220 3317 226 3327 ·
299 3329 328 3374 „
355 3278 400 3355 fia
425 3275 624 3377 spprobata
646 3295 720 3348 non
735 3267 910 3368 professus
926 3269 1002 3342 tria
1019 3269 1155 3344 ordinis
1177 3269 1388 3360 servabilis,
1411 3292 1688 3372 paupertatem,
1710 3279 1772 3345 ca·

26 3423 34 3434 ·
169 3389 174 3394 ’
301 3427 332 3474 ,,
355 3379 511 3454 iliratem
531 3376 568 3449 dt
585 3371 855 3456 obedientiam,
883 3365 953 3444 fine
967 3368 1112 3444 mortali
1130 3389 1283 3471 peccato
1304 3369 1420 3474 puiset
1437 3370 1604 3464 servare,
1643 3371 1772 3456 &alla

301 3527 329 3576 „
355 3478 461 3582 plura
479 3466 984 3569 limiliahoerefimsaplentle.
1461 3497 1463 3500 -

235 3743 242 3756 .
394 3721 422 3767 „
438 3670 642 3755 cardinalis
667 3666 816 3770 ergoad
845 3665 1020 3786 pra‘rmllsa
1044 3667 1065 3742 i
1090 3667 1261 3752 Concilio
1285 3669 1564 3762 commlisarlus,
1589 3665 1626 3746 dt
1647 3667 1774 3745 fibias-

300 3823 330 3872 „
354 3775 510 3853 stlientes
524 3795 602 3850 retn
619 3767 719 3846 issam
736 3763 934 3846 necessario
952 3767 1200 3860 ventilantes,
1225 3771 1466 3872 inspicientes,
1493 3769 1669 3850 &debite
1691 3793 1775 3869 pro·

273 3893 330 3992 ¹„¹
354 3896 398 3992 ut
422 3892 572 3976 oportet
596 3871 877 3988 examinantes,
909 3889 952 3944 sc
980 3868 1128 3946 Parrum
1157 3868 1365 3986 sententiis,
1382 3871 1556 3974 ¹fideique
1571 3871 1775 3948 Gaetulice

300 3972 504 4070 somnino
533 3971 757 4051 contrarium
784 3967 916 4044 librum
944 3967 1045 4042 suum
1068 3991 1324 4069 reperientes,
1367 3993 1517 4073 propter
1541 3973 1622 4046 haeo
1646 3971 1683 4044 dt
1707 3969 1777 4046 alis

145 4087 157 4092 ”
298 4121 329 4170 „
354 4073 550 4176 prasertim
577 4069 725 4152 Domini
745 4068 950 4149 Cardlnslis
981 4069 1110 4160 judicis
1138 4055 1373 4169 adpraemiisa
1404 4071 1609 4151 inviolenta·
1625 4069 1779 4146 invaso-

297 4221 327 4270 „
352 4197 466 4266 uem,
493 4172 628 4278 ditium
643 4167 810 4252 sinerem
838 4164 1036 4256 Grtlonstn
1061 4171 1099 4254 ln
1116 4169 1289 4254 Concilio
1318 4172 1493 4264 miserunt
1516 4175 1555 4252 in
1577 4163 1776 4357 earceppm.

1630 4315 1659 4374 u
1705 4349 1706 4353 r

462 4337 482 4408 “t
